2878 4616
228 251 277 318 52
675 287 829 306 --

229 446 353 508 crearit
366 389 551 523 dastidium,
577 439 715 508 ludendi
730 439 903 510 libidinem
917 455 975 510 aut
988 449 1190 535 ineptiarum
1205 443 1285 512 far-

229 567 382 652 reginem
401 568 438 630 in
459 561 524 628 hoc
544 563 619 630 loeo
634 561 855 653 deprehendi.
878 601 881 606 ·
904 563 1042 632 Habent
1058 569 1149 670 enim
1163 569 1285 632 omniu

226 707 270 750 ee
292 681 420 774 singula
441 695 549 765 recte,
577 684 738 750 modoad
759 707 860 770 snum
881 685 1038 778 quodque
1061 709 1168 774 genus
1187 683 1285 752 refe-

224 817 335 888 ·ratur,
361 827 470 895 neque
484 809 652 872 variorum
665 810 844 872 notionum
857 811 947 873 varia
959 818 1106 897 potestas
1119 813 1157 876 in
1170 829 1298 880 unum,
1369 833 1371 840 ·

225 925 465 994 ¹confundatur.
527 926 563 994 N
565 949 609 992 on
632 931 727 1021 enim,
742 927 798 993 hie
819 931 883 994 nisi
905 927 947 994 de
968 950 1102 1011 rerum,
1138 932 1287 1017 quaein

233 1069 348 1114 sensus
370 1031 564 1129 incurrunt,
590 1051 727 1117 essentia
747 1053 817 1115 sive
830 1047 925 1114 malis
939 1071 1010 1114 non
1027 1054 1167 1116 essentia
1181 1035 1288 1137 preess
1381 1073 1382 1080 ¹

235 1172 374 1257 cipitur,
408 1189 492 1258 quae
522 1189 628 1256 quum
657 1173 850 1236 varietatem
879 1173 913 1236 e't
939 1169 1164 1237 diversitatem
1185 1168 1287 1234 ideo-

236 1312 301 1379 que
322 1295 359 1355 in
379 1288 450 1354 aliis
470 1289 570 1358 rebus
598 1288 738 1356 aliarum
756 1293 921 1358 sirmium
942 1295 1011 1358 sive
1038 1294 1286 1380 proprietatum
1354 1335 1362 1344 -

155 1471 156 1476 ,
235 1413 457 1500 privationem
473 1404 528 1506 (τὸ
542 1403 589 1500 μὴ
598 1403 652 1500 ὃν)
667 1409 939 1498 comprehendat,
951 1379 1024 1476 ¹nrm
1038 1433 1112 1478 etse
1124 1415 1287 1501 propter-

239 1554 277 1597 ea
297 1530 470 1598 iudicatur.
538 1531 633 1598 Haeo
652 1543 690 1597 ut
712 1544 802 1598 reete
818 1536 1090 1623 perspiciantur,
1124 1529 1288 1616 adhiben-

122 1703 126 1711 .
240 1652 302 1718 aas
328 1629 1294 1741 esi-ueusnsopusuposue-rso.casurae

239 1771 478 1840 Parmenideae
493 1778 673 1840 sententiae
687 1777 881 1856 venitatem,
906 1795 970 1864 qua
983 1767 1024 1842 τὸ
1043 1767 1092 1863 μὴ
1111 1765 1196 1842 εἶναι
1216 1781 1290 1836 tam

240 1917 287 1962 ex
306 1917 422 1974 rerum
441 1881 573 1976 natura,
596 1917 697 1986 quam
720 1915 767 1962 ex
785 1898 940 1960 scientiae
960 1893 1128 1964 humente
1146 1895 1291 1960 rationi-

240 2016 303 2082 bus
327 2013 493 2080 sublatum
513 2011 622 2080 fuerat
637 2010 695 2106 24).
989 1991 995 1997 ’

274 2137 275 2142 ’
301 2143 305 2149 “
342 2131 446 2202 Nune
469 2133 559 2224 quod
583 2134 714 2204 additur
736 2132 884 2226 (p.163.
899 2125 1093 2238 137164.
1110 2126 1182 2226 B.),
1207 2153 1290 2222 per-

147 2339 149 2346 y
242 2263 328 2324 tinet
342 2255 384 2323 ad
397 2254 582 2322 absolutam
599 2261 756 2322 essentiae
770 2262 990 2346 negationem.
1041 2255 1211 2324 Namnon
1219 2275 1291 2318 esse

215 2359 217 2364 ,
244 2401 351 2468 quum
366 2376 502 2460 dieitur,
524 2399 594 2442 non
610 2377 755 2468 quodem
765 2371 872 2448 'modo
890 2399 961 2442 esse
976 2386 1011 2441 et
1023 2375 1169 2465 quodam
1186 2375 1290 2443 modo

243 2523 316 2566 non
343 2521 413 2566 esse
442 2509 621 2564 sumuntur
650 2499 722 2580 res,
747 2499 833 2566 >sed
858 2521 929 2566 esse
958 2503 1097 2565 omnino
1125 2507 1291 2588 negantur

189 2609 195 2614 ⁸
247 2619 346 2716 (163.
364 2614 427 2714 Q).
478 2617 620 2707 Exque
638 2624 824 2686 necessario
844 2618 927 2702 hoc,
946 2641 1055 2709 neque
1075 2615 1212 2684 attribui
1230 2638 1292 2682 ne-

247 2716 312 2832 que
335 2740 402 2806 diei
415 2739 457 2804 de
471 2736 572 2808 rebus
592 2739 792 2829 quidquam,
817 2744 922 2808 immo
940 2764 985 2807 ne
1005 2743 1143 2832 eogitari
1157 2735 1292 2828 quidem

248 2883 363 2952 posse,
388 2863 547 2946 consequi
568 2857 728 2929 videmus.
787 2859 826 2926 Id
847 2860 954 2951 quod,
982 2865 1142 2950 quoniam
1161 2869 1292 2948 estfper

250 3005 284 3047 se
310 2985 543 3071 perspicuum,
573 2978 657 3046 nihil
684 2981 761 3048 eddi
782 3004 866 3070 opus
889 2994 948 3048 est.
1009 2964 1178 3048 Convenit
1204 2981 1292 3043 enim

249 3102 381 3169 Platoni
411 3112 443 3166 et
468 3099 659 3167 Parmenidi
690 3102 732 3169 de
760 3103 824 3170 hae
841 3103 997 3196 absoluti
1023 3101 1119 3169 nihili
1145 3103 1291 3197 notione,
1338 3138 1342 3150 ι

188 3273 191 3280 -
250 3222 317 3290 hoc
339 3233 454 3287 tamen
486 3222 697 3306 discrimine,
730 3201 836 3314 quod·
853 3225 909 3290 ille
932 3209 1096 3290 'essentiae
1123 3223 1294 3286 notionem

252 3335 322 3414 uno
334 3353 465 3430 tanturn
488 3342 592 3408 modo
606 3335 743 3458 intelligi
763 3344 933 3425 voluerat,
956 3317 1052 3413 Plato
1074 3353 1187 3409 autem
1207 3342 1295 3406 varia

254 3467 413 3530 esseutiae
429 3485 552 3554 genera
563 3467 604 3528 'et
622 3468 663 3529 ad
683 3463 870 3551 disputandi
893 3448 1107 3548 subtilitatem
1131 3473 1164 3529 et
1184 3460 1226 3526 ad
1246 3463 1294 3527 vi·-

254 3597 307 3651 tae
328 3596 363 3652 et
383 3593 548 3654 sermonis
574 3607 789 3658 communem
820 3608 918 3652 usum
945 3583 1225 3652 accommodatius
1247 3579 1296 3648 di·

197 3821 199 3830 '
258 3827 464 3845 m

327 3929 370 3994 -lt
391 3971 425 3994 ⁰·
437 3985 508 4021 ¹¹rurs
525 3980 668 4024 comm·
685 3969 770 4026 Elui·
780 3967 807 4022 1·
823 3985 848 4035 P·
859 3968 916 4022 ¹⁰3·
937 3961 996 4020 ¹3⁷⁵·
1033 3994 1039 4004 '
