2878 4616
222 283 275 371 to
458 305 461 312 ·
653 294 831 352 ’ω--ω-Ι

227 453 327 548 usum
349 474 494 570 aliquem
515 485 665 548 converti
684 494 808 574 posset
856 481 994 550 Etenim
1016 507 1122 574 quum
1145 483 1270 574 tn'plex

179 657 180 662 ,
226 598 327 668 huius
350 597 513 668 formulae
534 603 586 686 (tr
614 606 672 674 καὶ
700 597 821 692 πολλὰ)
850 597 891 670 sit
912 615 1074 694 potestas,
1108 628 1173 694 qua
1195 617 1270 674 tum

143 777 147 784 .
226 721 270 788 ad
287 744 393 810 genus
414 733 448 788 et
463 727 625 812 speciem,
645 733 719 789 tum
740 724 782 790 ad
801 724 893 790 idem
914 737 947 790 et
970 721 1137 791 diversum
1154 729 1191 790 in
1206 748 1269 790 no-

203 823 207 834 ⁸
225 842 382 926 tionibus,
401 856 477 912 tum
498 844 639 932 denique
657 843 701 910 ad
719 843 837 910 rerum
859 845 1083 928 humanarum
1106 849 1270 913 universi-

152 1009 153 1014 η
225 973 330 1030 tatem
358 976 391 1034 et
411 967 659 1034 multitudinem
682 964 845 1048 refe1tur,
883 977 917 1031 et
941 989 1045 1056 quum
1069 988 1269 1056 repugnare,

224 1083 288 1154 sibi
302 1088 373 1172 ipse
398 1088 583 1171 videretur,
605 1093 633 1154 si
657 1089 730 1180 q'uis
753 1087 806 1170 id,
832 1086 923 1178 quod
947 1107 1027 1155 vera
1047 1111 1155 1154 unum
1177 1099 1269 1170 esset,

225 1217 367 1295 propter
385 1209 635 1276 multitudinem
651 1233 746 1297 suam
769 1218 907 1296 negaret
922 1203 1049 1292 unum3
1074 1207 1198 1274 factum
1222 1219 1270 1274 est

226 1335 267 1392 ut
289 1325 378 1392 docti
391 1317 579 1412 homines,
598 1335 681 1420 quin
701 1300 836 1397 sensum
859 1327 1021 1399 formulae
1046 1334 1270 1418 percepissent

159 1484 163 1491 ·
198 1435 203 1452 ⁴
227 1458 392 1538 perpetuo
417 1473 492 1517 eam
511 1455 678 1518 ianiarent.
697 1433 712 1504 s
729 1449 880 1520 Accessit
900 1455 1003 1540 igitur
1024 1450 1066 1516 ad
1087 1451 1273 1536 decernen-
1330 1435 1336 1442 ’

229 1567 308 1634 dam
333 1592 408 1636 rem
421 1549 637 1660 ’Parmenidis
657 1570 826 1642 subtilitas.
874 1569 942 1651 Qui
968 1569 1026 1635 ubi
1052 1571 1272 1655 intellexerat,

229 1711 337 1756 unum
359 1693 450 1780 quod
468 1704 551 1758 esset
569 1686 738 1778 (τὸῇὄντως
753 1693 819 1780 to),
844 1701 878 1757 et
892 1713 962 1756 esse
983 1689 1103 1770 debere
1118 1693 1273 1782 simplex,

229 1821 406 1876 aeternum
426 1820 463 1890 et,
472 1813 579 1896 idem,
605 1835 714 1902 neque
730 1835 799 1879 esse
816 1835 886 1880 uno
903 1811 1017 1899 plura,
1043 1833 1151 1902 neque
1173 1835 1275 1902 prae·
1310 1895 1318 1905 .

229 1939 283 1996 ter
302 1930 384 1996 illud
410 1934 591 2024 quidquam
612 1938 788 2028 exsistere,
816 1931 856 1998 id
875 1944 986 1999 autem
1004 1955 1114 2022 quum
1134 1931 1177 1998 ad
1198 1955 1275 1998 om*

128 2095 134 2118 .
229 2058 447 2138 nesomnipo
463 2075 518 2119 res
538 2059 707 2142 pertinere
729 2051 952 2136 iudicavisset,
972 2053 1071 2121 huids
1094 2059 1275 2131 sententiae

220 2185 301 2258 ¹tam
318 2163 456 2241 ¹veritate
479 2197 580 2264 quam
601 2172 789 2240 difficultate
810 2173 971 2240 adductus
990 2187 1039 2240 est
1059 2179 1121 2255 eo,
1139 2173 1184 2260 [ut
1205 2178 1276 2239 sin-

175 2360 179 2367 ,
229 2280 381 2383 gularem
395 2294 459 2362 hac
477 2294 578 2368 dere
591 2299 785 2384 opinionem
798 2305 1024 2393 proponeret?
1063 2293 1133 2360 Iam
1150 2292 1185 2358 id
1201 2297 1277 2382 quia

231 2415 327 2498 dem,
349 2429 483 2507 praeter
501 2415 583 2482 illud
603 2437 682 2484 vere
697 2437 806 2482 unum
831 2409 887 2505 (td
912 2411 1019 2484 litore
1035 2417 1082 2502 iv)
1107 2413 1191 2480 nibil
1204 2435 1277 2481 esse

228 2541 388 2630 proprie,
415 2539 553 2604 concedi
576 2527 720 2626 oportet.
775 2531 884 2628 Atqui
905 2529 1053 2601 sensibus
1075 2558 1147 2602 non
1168 2556 1277 2602 unum

227 2657 373 2747 aliquid,
407 2659 466 2726 sed
497 2657 676 2740 multitudo
696 2677 813 2723 rerum
837 2660 874 2722 in
899 2656 1011 2722 oculos
1026 2661 1276 2726 incurrentium
1352 2655 1354 2658 ’

229 2783 425 2870 percipitur.
476 2778 724 2872 Quasquidem
742 2799 812 2844 esse
836 2776 1010 2875 credimus.
1061 2775 1277 2872 Quapropter

222 2923 338 2996 ¹quum
358 2923 517 2966 sensuum
535 2870 721 2988 mentisque
742 2896 855 2981 iudicii
875 2895 1091 2984 discrepantia
1108 2896 1277 2964 conciliari

229 3042 302 3087 non
323 3031 452 3108 posset,
478 3021 650 3110 repudiata
668 3019 805 3108 illorum
821 3022 1006 3082 temeritate
1031 3039 1169 3084 omnem
1188 3021 1277 3086 veri-

229 3151 333 3208 tatem
355 3145 391 3206 in
406 3142 587 3208 rationibus
602 3144 724 3211 mentis
742 3127 778 3204 et
790 3137 1023 3226 intelligentiae
1041 3141 1163 3226 posuit.
1211 3136 1277 3222 lta-

226 3283 296 3356 ·que
318 3263 486 3329 intellectu
513 3267 669 3351 cognosci
696 3264 885 3362 veritatem,
900 3263 1097 3347 *speciosam
1124 3255 1277 3324 fraudem

175 3361 198 3376 ’ἵ
231 3387 364 3470 concipi
392 3381 551 3452 sensibus.
577 3403 579 3410 ⁴
603 3380 663 3451 Ex
690 3403 757 3474 quo
781 3379 995 3467 magnificum
1019 3377 1165 3448 illud-iv
1192 3373 1287 3448 εἶναι’

230 3497 272 3574 τὸ
292 3481 502 3572 noir'ortum'
531 3502 707 3588 (Parmen.
735 3501 820 3569 127,
842 3501 882 3566 E.
912 3497 1018 3568 Arist
1039 3499 1123 3569 Met.
1142 3497 1204 3579 Ill,
1225 3488 1276 3564 24.

227 3645 265 3716 p.
282 3616 343 3708 45,
362 3629 410 3712 t.)
423 3619 479 3711 ⁶⁴).
527 3623 568 3690 ln
587 3645 629 3690 eo
650 3627 724 3692 viro
746 3625 905 3712 quoniam
918 3621 1028 3688 divina
1042 3625 1148 3710 paene
1168 3623 1277 3704 inerat

229 3742 390 3826 subtilitas
417 3765 456 3812 ac
486 3737 662 3835 sapientia,
692 3755 732 3812 ut
752 3747 810 3834 qui
830 3746 981 3812 omnium
1006 3744 1136 3831 primus
1159 3761 1275 3810 veram

229 3905 440 3936 m

294 4003 345 4080 et)
365 4003 405 4064 Cf.
418 4007 545 4067 tauns.
565 3983 707 4090 cornuum¹
716 4005 801 4066 Eleae.
822 4009 921 4080 12137.
943 4004 1003 4076 1492
