2878 4616
249 263 299 338 et
693 239 848 320 -ss-
914 321 916 336 .

249 477 314 547 qua
336 459 364 522 si
384 449 560 520 Aristoteli
581 455 618 520 in
633 449 699 520 hoc
722 475 846 542 genera
870 445 952 520 fides
974 457 1016 520 sit
1036 451 1207 537 habenda,
1244 471 1309 528 aut

242 578 310 646 alia
326 576 457 642 locutus
475 583 525 640 est
542 571 656 656 Plato,
675 579 810 664 scripsit
825 561 906 656 alia,
926 586 984 642 aut
999 573 1193 642 referuntur
1209 575 1308 644 Aca-

246 693 706 786 dominorumsubtilissimas
731 695 772 762 de
803 685 856 762 his'
877 696 978 764 rebus
1002 703 1306 766 commentationes

246 821 288 887 ad
302 823 395 886 initia
407 815 634 905 praeceptoris
648 815 766 884 leviter
779 828 910 884 tantum
926 816 1131 886 adumbrata.
1156 817 1193 884 Id
1209 821 1306 908 quod

247 963 319 1008 nou
334 942 505 1004 immerito
520 959 540 1002 a
555 955 611 1003 me
628 935 693 1002 diei
706 943 887 1024 putaverit,
913 945 1102 1028 quicunque
1108 936 1306 1008 Aristotelis

248 1067 286 1130 in
304 1057 503 1148 disputando
518 1067 552 1122 et
564 1055 741 1133 refutando
757 1063 922 1128 rationem
944 1071 1151 1150 perspectam
1172 1057 1306 1129 habeat

248 1183 399 1278 Omnino
419 1169 533 1246 autem
553 1174 636 1242 haec
651 1199 705 1252 res
726 1189 761 1244 et
781 1177 970 1246 difficillima
989 1190 1039 1245 ast
1060 1191 1093 1246 et
1111 1191 1206 1246 tauto
1228 1185 1300 1254 ἰιιι-Ι

247 1300 411 1394 peditior‚
435 1309 560 1388 quanto
582 1303 780 1367 remotiores
801 1298 843 1364 ab
866 1309 971 1366 aetate
995 1297 1141 1366 Platonis
1164 1307 1301 1384 santii,

131 1441 139 1478 ι
246 1429 306 1514 qui
320 1426 391 1488 eius
405 1429 558 1486 auctores
575 1425 784 1488 exstiterrmt.
833 1419 928 1501 Quae
945 1443 1050 1510 quum
1066 1425 1114 1487 'ita
1131 1425 1214 1504 sint,
1236 1445 1301 1490 ex-

245 1541 417 1638 spectandi
436 1552 515 1608 nant
535 1563 577 1608 eo
602 1539 753 1628 cupidius
774 1523 1005 1616 commentarii
1019 1546 1055 1608 in
1069 1541 1299 1633 metaphysica

143 1699 146 1708 v
245 1661 453 1744 Aristotelis,
479 1664 537 1752 qui
563 1657 774 1728 aBrandisio
794 1659 998 1730 conduntur.
1047 1662 1115 1730 Hic
1138 1668 1258 1748 enim‚·
1271 1670 1300 1732 si

246 1791 320 1880 quis
343 1783 442 1865 alius,
461 1780 573 1850 lucem
587 1777 667 1847 huic
688 1785 740 1847 rei
757 1778 877 1846 afferre
900 1783 1019 1871 potest.

573 1947 576 1957 ’
678 1931 727 2074 ἰ.
777 1981 839 2052 27.

345 2140 425 2207 Hoc
454 2160 563 2204 unum
588 2136 720 2204 addam.
786 2136 882 2204 Ideae
911 2146 990 2202 sunt
1019 2149 1142 2226 genera
1165 2163 1294 2225 rerum,

245 2283 332 2386 quae
351 2279 483 2348 semper
498 2262 536 2324 ia
556 2262 669 2326 animo
687 2254 741 2325 vel
763 2256 875 2325 divino
891 2256 945 2324 vel
957 2255 1107 2328 humano
1129 2271 1203 2328 ante
1217 2261 1295 2329 fue·
1408 2343 1409 2373 1

233 2395 341 2466 runt,
381 2401 483 2474 quam
519 2379 562 2444 ad
592 2383 768 2444 materiam
796 2375 1008 2460 formandam
1044 2355 1294 2482 adhibebantur.
1407 2451 1408 2455 ,

242 2505 406 2586 Materiae
435 2503 545 2567 omnis
576 2511 755 2588 propterea
784 2510 862 2566 sunt
887 2509 1062 2586 expertes,
1100 2511 1175 2568 tum
1202 2475 1293 2590 quod

244 2623 421 2692 simulacra
443 2625 621 2689 notionum
643 2618 865 2710 perhibentur
888 2624 1096 2686 concretioni
1117 2628 1290 2705 contraria,
1404 2613 1406 2699 ζ

244 2759 318 2814 tum
344 2739 435 2834 quod
449 2743 590 2808 materia
611 2739 799 2807 formarum
823 2738 916 2806 rudis
937 2761 977 2805 aa
990 2739 1089 2829 plane
1106 2742 1290 2809 inordinata
1402 2759 1404 2824 ἰ

243 2867 286 2934 ab
308 2864 461 2932 idearum
484 2861 690 2952 'simplicitate
715 2859 807 2926 abest
827 2859 1028 2949 longissime.
1079 2861 1209 2943 Quodsi
1228 2868 1291 2954 igi.

242 2999 300 3054 tur
325 2981 433 3075 aliqua
454 2989 492 3051 in
513 2983 567 3050 his
589 2985 757 3072 reperitur
780 2980 966 3048 differentia
987 2992 1021 3052 et
1041 2987 1197 3064 varietas,
1221 3005 1289 3050 non

242 3107 342 3175 debet
362 3104 462 3173 huius
481 3109 532 3172 rei
553 3125 649 3202 caasa
664 3105 704 3169 in
724 3106 862 3168 materia
880 3099 929 3165 vel
955 3121 1137 3191 corporum
1156 3103 1209 3171 vel
1229 3103 1287 3168 aliu

242 3227 387 3320 quadarn
422 3225 592 3320 subtiliore
626 3225 757 3314 quaeri,
797 3220 895 3288 sed
884 3243 921 3287 ιιι
940 3224 1015 3308 ipsa
1044 3224 1114 3286 eius
1144 3228 1287 3290 numinis

241 3359 377 3428 natura,
418 3369 438 3412 a
466 3369 534 3437 quo
561 3348 673 3412 omnia
701 3347 865 3432 originem
897 3363 992 3406 suam
1020 3337 1153 3410 habent.
1216 3344 1286 3410 Ne-

241 3490 307 3560 que
332 3464 625 3548 verissimile,
660 3463 765 3550 hanc,
794 3467 845 3529 uti
870 3459 912 3529 ab
934 3456 1115 3528 Aristotele
1141 3461 1216 3530 fieri
1239 3467 1287 3531 vi·

244 3589 382 3667 demus,
408 3586 582 3652 aPlatone
599 3590 755 3673 agitatam
769 3603 839 3650 esse
855 3587 1092 3672 quaestionem,
1112 3587 1176 3648 nisi
1193 3581 1283 3665 forte,

174 3706 183 3716 ’
226 3730 328 3798 .quae
347 3705 423 3774 fieri
437 3727 500 3772 neo
514 3716 654 3795 possunt
670 3727 732 3770 nec
748 3702 884 3785 debent,
904 3673 1048 3768 tentasse
1067 3721 1145 3768 eum
1160 3725 1199 3770 ao
1218 3725 1283 3769 sus·

229 3805 368 3920 ¹cepisse
382 3827 549 3894 volamus.
599 3823 759 3909 Accedit,
784 3823 875 3913 quod
895 3827 1034 3889 materia
1058 3822 1210 3890 idearum
1224 3845 1283 3910 po-

241 3955 324 4032 sita,
346 3961 379 4016 et
391 3947 473 4030 hoc,
492 3943 573 4013 'esse
595 3945 684 4013 ideas
702 3956 835 4036 praeter
853 3956 1001 4026 mentem
1019 3941 1141 4032 aliquid
1164 3955 1197 4010 et
1211 3943 1283 4009 sub-
