2878 4616
509 337 761 390 κ..-
991 299 1205 368 ·57

135 500 206 584 Ae'x
229 489 293 583 qua
316 502 475 581 tanquam
500 479 546 558 ex
570 486 663 582 sonte
689 485 905 557 deriventur?
961 485 1033 556 Iam
1055 507 1136 556 vero
1158 495 1211 558 si-

159 614 284 681 dentur
299 595 460 679 eiusmodi
474 615 629 676 notiones·
644 631 714 677 esse
736 611 800 680 τοῦ
821 605 910 694 ἑνός,
930 609 995 678 τοῦ
1014 608 1125 700 ὄντος,
1151 613 1213 696 τῆς

158 739 254 814 1ἰδέαις
266 735 328 802 τοῦ
347 730 498 822 ἁγαθρῦ.
547 729 649 814 Quod
667 741 742 798 utut
760 741 823 814 est,
849 742 962 797 tamen
977 753 1054 799 ‘non
1069 731 1132 799 hae
1155 755 1212 799 so-

162 854 214 922 lae
233 822 325 920 ideae
348 853 414 919 dici
436 851 576 938 debent,
609 852 667 916 sed
690 856 799 920 etiam.
812 850 893 946 aliae
914 825 1118 942 permultae,
1152 873 1212 938 ge·
1255 921 1258 928 ,

162 999 242 1044 nera
265 993 384 1042 rerum
406 986 440 1040 et
454 973 579 1042 formas
594 972 802 1060 complexae.
851 971 937 1038 Sunt
954 977 1045 1038 enim
1058 977 1212 1053 unitates,

164 1109 202 1164 et
220 1101 465 1186 proprietatum
485 1099 586 1183 signis
611 1097 699 1159 inter
721 1105 756 1159 ee
781 1091 952 1164 differunt.
1011 1093 1115 1159 Cuius
1137 1097 1213 1182 qui·
1289 1161 1292 1166 ,

164 1220 243 1308 dem
264 1216 469 1284 differentiae
492 1215 628 1304 duplex.
643 1227 691 1280 est
716 1236 838 1303 genus,
870 1195 1017 1282 alterum
1044 1193 1213 1296 notarum,

165 1338 285 1429 quibus
306 1341 459 1414 notiones
475 1334 621 1423 singulae
637 1333 870 1417 absolvuntur,
895 1357 996 1424 quam
1021 1334 1064 1402 ob
1084 1358 1158 1402 rem
1176 1357 1215 1400 ea

164 1463 294 1527 ratione
310 1456 393 1527 ὄντα
407 1461 464 1528 καὶ
484 1451 532 1548 μὴ
554 1454 635 1556 ὅπα
660 1452 837 1540 (εἶναικαὶ
854 1450 903 1546 μὴ
925 1451 1021 1549 εἶναι)
1045 1455 1242 1566 αρρεὶὶαη-ὃ

165 1592 242 1662 tur3
271 1579 412 1646 alterum
435 1581 622 1668 potestatis,
655 1599 760 1666 quum
783 1577 864 1644 eliae
888 1599 1012 1665 genera
1032 1575 1113 1642 eliae
1136 1575 1216 1642 sub-

166 1669 270 1768 iectae
290 1703 329 1765 iis
344 1697 472 1766 formae
490 1698 663 1781 dicuntur,
689 1709 727 1764 ut
741 1697 828 1788 Rep.
840 1696 902 1779 Vl,
927 1697 1011 1766 510.
1026 1696 1065 1763 B.
1076 1697 1114 1762 Ο.
1132 1697 1216 1764 511.

167 1820 208 1890 Β.
225 1820 263 1888 C.
284 1817 412 1888 Phileb.
432 1819 489 1884 15.
503 1815 549 1887 A.
565 1841 613 1908 sq.
663 1818 766 1902 Quod
781 1831 819 1886 ut
833 1823 874 1885 sit
880 1829 1029 1901 ,tamen
1050 1817 1238 1885 movenda·

169 1952 219 2006 est
233 1943 381 2028 quaestio
394 1938 436 2006 de
450 1961 502 2022 eo,
526 1949 644 2007 utrum
659 1925 864 2008 omniumec
878 1938 1086 2028 singularum
1100 1961 1218 2006 rerum

168 2059 223 2130 vel
246 2053 540 2126 abiectissimarum
562 2059 646 2126 adeo
670 2066 901 2152 concipiantur
922 2060 1035 2142 ideae,
1058 2083 1102 2126 an
1119 2081 1158 2126 ea
1176 2065 1219 2130 sit

74 2153 81 2162 ¹
154 2180 291 2248 'harum
305 2191 436 2247 tantum
451 2201 567 2278 rerum
582 2187 794 2272 praestantia,
818 2205 912 2274 quae,
936 2185 1093 2272 qnoniam
1108 2192 1218 2247 sunta

171 2325 329 2368 sensuum
337 2304 523 2378 temeritate
532 2312 686 2394 secretae,
698 2301 828 2370 divinae
838 2303 1067 2392 perhibentur.
1085 2286 1217 2368 Etsanc

125 2457 128 2465 ν
170 2433 303 2512 poterat
311 2419 377 2488 hoc
386 2419 526 2487 dubium
535 2420 641 2488 videri
656 2427 698 2507 ei,
717 2429 775 2513 qui
791 2434 1070 2492 naturemrcrum
1086 2425 1219 2511 opinio-
1302 2483 1306 2494 ,

171 2565 215 2609 ne
229 2541 408 2610 hominum
428 2542 470 2608 de
485 2565 602 2610 earum
619 2543 825 2632 dignitate-et
840 2549 961 2635 pretio,
979 2567 1050 2610 non
1069 2514 1221 2608 accurata

173 2625 559 2751 essentiae'intelligentia
576 2669 689 2732 metiri
705 2635 937 2736 consuevisset.
998 2662 1121 2745 Quales
1144 2672 1222 2726 sunt

173 2791 309 2851 iuvenes
323 2796 360 2850 et
373 2781 565 2876 philosophi
586 2796 760 2859 nostrates.
811 2785 964 2868 Etenim,
991 2805 1096 2874 quum
1118 2781 1222 2870 capil-

173 2905 304 2987 lorum,
332 2903 410 2987 luti,
432 2910 586 2972 stercoris
607 2912 761 2974 notiones
786 2893 913 2995 pariter
934 2918 973 2972 ut
995 2927 1049 2971 res
1073 2907 1164 2992 ipsae
1185 2907 1223 2968 in

176 3036 347 3100 contemtu
370 3029 452 3109 sint,
487 3025 605 3091 accidit
636 3025 731 3109 ideo,
759 3037 803 3092 ut·
817 3027 979 3093 eiusmodi
996 3048 1113 3093 rerum
1133 3023 1223 3090 ideas

176 3167 247 3212 esse
261 3156 433 3234 negarant.
482 3143 520 3212 Id
536 3145 627 3236 quod
646 3145 820 3214 Plutonem
837 3152 1046 3214 committere
1066 3144 1239 3234 noluisse„

63 3323 66 3330 .
117 3327 128 3340 ,
176 3245 309 3364 constat
333 3287 377 3334 ex
402 3266 495 3348 loco,
528 3289 630 3364 quem
656 3271 693 3334 in
720 3277 833 3334 mente
862 3265 989 3350 habeo,
1016 3266 1225 3335 Parmenidis

174 3407 210 3475 p.
224 3373 327 3465 130..
356 3383 416 3453 ubi
436 3391 590 3454 omnium
611 3409 725 3454 neuun
745 3393 883 3454 omnino
898 3387 988 3455 ideas
1010 3409 1081 3454 csse
1104 3392 1226 3458 statuit.

175 3507 251 3572 Nec
271 3507 520 3594 potencialiter
541 3513 664 3574 sentire
685 3512 730 3588 is,
754 3512 811 3597 qui
837 3520 1043 3576 constantem
1066 3512 1229 3574 uniuscu-

176 3631 293 3716 iusque
316 3630 368 3692 rei
390 3638 545 3695 naturam
569 3639 681 3694 mente
705 3636 940 3718 perspexisset.
1000 3629 1078 3710 Quo
1101 3628 1240 3695 accedit

176 3745 262 3829 hoc,
296 3745 387 3837 quod
407 3753 519 3816 omnia
539 3771 578 3816 ac
602 3748 732 3837 singula
757 3749 800 3816 ad
829 3773 887 3816 sua
913 3772 1063 3840 quaeque
1091 3735 1228 3838 genem,

178 3889 242 3933 neo
257 3867 312 3932 illa
332 3864 492 3937 inferiora
508 3867 567 3936 sed
589 3893 745 3952 summas
760 3891 844 3961 quae
867 3876 1019 3938 omnium
1036 3883 1114 3937 sunt
1134 3893 1230 3939 com-
1251 3869 1254 3874 ’

179 3991 312 4071 munia,
335 3986 538 4058 reseruntur.
589 3989 644 4058 Ex
657 4013 724 4080 quo
739 3989 838 4073 illud,
864 3975 934 4058 esic
953 3989 1126 4062 ethorum
1140 3993 1231 4059 ideae
