2878 4616
603 360 769 386 ---·
983 365 986 372 ·
1153 331 1215 410 353

159 518 259 607 plane
288 527 338 582 est
369 527 558 600 remotum,
594 538 702 607 neque
731 516 945 604 expertibus
972 529 1030 584 aut
1056 521 1201 586 articulis

158 642 260 727 (quae
281 658 459 725 corporum
482 649 531 704 est
544 638 678 731 natura)
699 643 882 734 concrevit,
907 660 985 705 vero
1007 663 1112 706 unum
1136 641 1201 706 dici

159 759 259 825 debet
278 770 375 846 atque
400 756 630 839 individuum,
662 770 702 824 ut
728 752 818 848 duod
842 781 906 824 nec
931 758 1032 840 dividi
1054 783 1201 848 uuquam

159 885 264 968 possit
283 902 346 945 nec
361 877 504 944 discerni
518 874 572 970 ⁶⁰).
619 875 719 943 Unde
743 878 900 959 efficitur,
921 902 1027 945 unum
1046 879 1157 946 illud
1148 905 1202 946 m-
1210 885 1214 891 '

121 1067 124 1076 .
158 999 291 1070 tellectu
305 1009 463 1088 tanquam
483 996 737 1086 formamatque
752 999 964 1064 simulacrum
989 1013 1199 1088 conceptum,

159 1141 265 1206 quum
285 1116 369 1184 nihil
393 1141 412 1183 a
433 1130 551 1186 aalma
572 1141 633 1184 sua
653 1119 845 1184 alienumm
862 1118 1045 1201 schabest,
1069 1143 1201 1208 semper

158 1261 228 1304 esse
253 1261 362 1304 unum
385 1250 417 1304 et
436 1239 547 1327 idem,
572 1244 674 1328 igitur
696 1225 853 1305 essentiae
869 1262 908 1304 ao
926 1249 1062 1328 nahuae
1077 1263 1205 1332 perpe7

158 1370 216 1458 tuo
227 1356 288 1423 sibi
303 1363 480 1424 constantis
495 1381 564 1442 esse
580 1365 754 1450 particeps,
773 1364 964 1478 mutationis
977 1373 1088 1427 autem
1101 1363 1199 1452 plane
1242 1380 1244 1386 ’

157 1499 279 1568 expers
293 1470 350 1564 ⁶¹.)

259 1596 472 1686 Quapropter
498 1598 587 1664 ideas
612 1600 655 1665 ob
686 1612 840 1666 naturam
867 1623 962 1666 suam
992 1622 1061 1666 esse
1089 1603 1211 1693 unitffi

157 1728 207 1782 tes
229 1714 369 1809 (cadesa)
390 1718 552 1806 perfectas
568 1717 613 1806 ⁶²)
640 1733 674 1786 et
695 1744 827 1809 semper
856 1721 1005 1827 easdem,
1034 1742 1139 1807 quum
1154 1743 1208 1809 ox,

160 1901 370 1917 m

167 2005 172 2040 Τ
225 2003 269 2073 6ο)
288 2005 371 2073 Soph
390 2001 448 2060 245.
468 2002 500 2057 A.
523 2005 615 2078 ἄμερες
639 2005 724 2074 δήπου
749 2007 789 2061 6ιῖ
811 2004 986 2066 sanatos'
956 2025 1028 2076 says
1043 2005 1153 2076 ἀληθῶς
1175 2006 1201 2059 t's

158 2103 289 2176 ἐρῆςθαι

160 2221 520 2291 161)Cio...,QuAcI
540 2223 771 2292 8Qu..,Tusc1
789 2227 832 2282 als.

222 2340 267 2410 62)
288 2341 390 2396 Phileh.
407 2341 446 2396 16.
458 2341 491 2393 A.
501 2342 528 2398 Β.
541 2342 652 2409 μονάδες
669 2343 710 2399 66.
724 2345 759 2394 D.
791 2344 862 2395 Haeo
881 2343 1200 2394 etalianonnullaroca-

158 2437 220 2488 hala
240 2425 411 2508 etpraeccpta
432 2457 445 2489 e
464 2439 686 2515 Pythagoreorum
705 2445 846 2511 disciplina
862 2443 1000 2532 Platonem
1015 2455 1106 2498 mutuo
1124 2457 1200 2492 sum-

157 2538 220 2586 sisse
238 2539 373 2589 contendit
387 2537 482 2590 Asrrus
509 2539 860 2610 (1.1.p.294.).1³1u1·tmt
883 2525 955 2592 enirn
978 2543 1070 2591 secisse
1089 2543 1198 2590 illorum

156 2634 297 2686 hominum
311 2639 474 2706 sapientiam.
507 2639 599 2724 Neque
618 2653 703 2707 potest
715 2659 822 2707 negari,
838 2641 911 2710 quod
928 2641 1017 2693 Aetius
1028 2640 1102 2690 rdem
1112 2623 1200 2706 pluri·
1218 2661 1219 2666 ¹

156 2733 299 2786 huslocist
289 2739 327 2806 [p
337 2735 423 2789 106-
436 2717 730 2808 107.139.167—-166.
746 2741 804 2797 188.
817 2741 875 2793 541.
886 2741 946 2796 544.
957 2741 1017 2793 662.
1028 2738 1197 2818 667-570)

158 2827 326 2886 doctissime
329 2849 479 2924 persecutus
499 2852 554 2902 est,
578 2841 707 2905 permulta
726 2839 951 2908 Pythagoreorum
970 2851 1106 2906 praesepta
1128 2838 1207 2906 apud.

158 2946 277 2984 nocuum
300 2903 501 3006 commemorari
514 2950 547 3008 'et
570 2938 598 2988 in
621 2955 699 2990 suum
715 2957 794 2990 usum
817 2940 940 2990 converti.
982 2937 1199 3004 Attamenphaae

159 3017 247 3082 omitia
253 3069 263 3097 ,
281 3035 333 3084 nisi
348 3036 439 3099 fallor,
449 3014 491 3086 ita
502 3049 563 3087 sunt
574 3051 735 3106 comparata,
752 3051 781 3090 ut
792 3052 924 3088 summam
935 3035 1120 3104 Philosophiae
1132 3038 1197 3090 Plat.

157 3142 269 3196 tangant*
280 3133 327 3182 illa
346 3133 469 3198 quidem,
486 3136 599 3186 sednon
613 3137 731 3192 efficiant.
766 3139 797 3189 In
809 3149 879 3188 tanta
892 3137 966 3186 enim
978 3134 1056 3186 huius
1074 3134 1205 3204 discipli*

157 3247 207 3284 nae
224 3232 380 3298 praestantia
399 3245 425 3284 et
443 3235 604 3304 perfectione
622 3238 679 3286 lieri
698 3257 752 3302 uon
768 3249 885 3304 poterat,
908 3247 937 3288 ut
960 3235 1046 3286 aliena
1065 3235 1204 3310 principia¹

159 3343 310 3408 seqayeretur
328 3331 365 3396 is,
391 3333 437 3398 qui
456 3333 488 3404 ab
506 3345 558 3384 arte
576 3325 712 3388 dialectiea
731 3337 860 3405 ptoseetus
875 3335 954 3402 plane
967 3334 1047 3410 aliam
1062 3351 1091 3384 ac
1110 3333 1198 3392 diyer-

157 3447 214 3482 sam
231 3429 414 3498 philosophiae
433 3433 564 3490 rationem
588 3446 679 3484 nactus
703 3449 784 3499 esset,
808 3451 890 3499 quum
915 3433 961 3484 alii
979 3445 1023 3484 ant
1044 3432 1072 3482 in
1091 3445 1197 3506 naturae

157 3530 376 3597 contemplatione
387 3543 433 3583 etat
443 3531 470 3580 in
481 3549 653 3602 numerorum
664 3532 947 3584 rationibus.duceudis
961 3532 1038 3582 defixi
1048 3534 1197 3582 universum

68 3621 74 3632 ⁴
158 3629 252 3691 mundi
265 3631 441 3698 ‚complexum
464 3647 511 3681 suo
528 3631 610 3685 modo
624 3633 771 3696 intelligere
788 3631 931 3683 studerent.
969 3632 1134 3700 Quapropter
1151 3649 1206 3709 per.

157 3743 186 3776 ss
203 3745 307 3794 quoque
334 3741 360 3780 et
375 3729 522 3796 'invenisset
545 3743 571 3782 et
592 3731 783 3800 proposuisset,
813 3749 878 3804 puae
898 3719 931 3784 ah
958 3734 1012 3786 illis
1035 3733 1197 3798 Heracliteis,

157 3823 343 3892 Pythagoreis,
359 3828 499 3893 Eleaticis,
515 3829 574 3880 aliis
591 3832 716 3882 sumsisse
729 3829 814 3884 rideri
824 3832 921 3900 possit,
940 3834 988 3882 etsi
1000 3803 1108 3882 ilicium
1119 3851 1197 3903 prac-

158 3935 231 4002 cepta
246 3925 355 3976 incausa
366 3929 461 3992 tuisse,
474 3928 551 3994 ¹‹yttod
565 3929 597 3994 de
614 3930 711 3982 iisdem
728 3943 756 3982 ut
768 3930 808 3980 illi
821 3928 898 3980 rebus
917 3933 1074 3984 sententiam
1090 3901 1197 3992 diceiet,

157 4013 210 4072 non
230 4035 268 4073 est
283 4026 442 4091 negandum.
479 4016 656 4080 Vertmtamen
677 4027 907 4101 sliaslsimilitudo
921 4048 975 4086 aon
995 4032 1047 4084 nisi
1065 4031 1093 4082 iu
1110 4013 1207 4082 verbis'

858 4138 927 4206 02
