2878 4616
252 249 300 320 60
513 251 516 258 ’
696 281 851 306 ...-

247 437 380 512 indocte
403 458 481 504 asne
501 385 708 526 perlectum,
741 437 826 504 nihil
852 450 923 506 erat
952 438 1138 532 reliquum,
1167 444 1231 508 nisi
1257 455 1299 508 nt
1412 488 1414 497 .

246 555 449 646 τηνδυάδα,
471 583 510 626 τυ
498 552 665 656 ἄπειρον
677 569 712 626 et
725 552 763 628 td
776 563 867 650 ’μέγα
880 555 993 630 καὶ
957 585 997 630 το
1020 557 1149 654 μικρόν,
1172 562 1297 650 quibus

248 681 383 772 quidem
400 678 591 747 nominibus
608 677 702 768 Plato
719 686 894 748 materiam
906 681 1090 776 significare
1102 681 1220 750 'solitus
1238 705 1297 750 es

192 807 195 814 ’
247 811 312 887 set,
339 800 382 866 ed
398 799 487 882 ideas
506 799 661 866 nanslata
680 804 842 890 principia
865 799 948 870 adeo
962 801 1115 870 idearum
1134 799 1299 882 facerent.

246 921 292 990 Et
310 905 361 987 sic
384 919 520 1010 quidem
535 924 597 986 visi
617 931 696 986 sunt
710 919 772 986 sibi
787 919 975 990 doctissime
991 945 1127 988 omnem
1141 921 1299 990 idearum

245 1039 400 1110 naturam'
418 1044 595 1126 aperuisse.
645 1037 813 1125 Accessit,
844 1042 936 1131 quod
951 1041 1051 1108 'ideae
1076 1043 1299 1116 credebantur

244 1185 316 1229 esse
337 1165 499 1250 principia
520 1182 645 1228 rerum.
700 1161 769 1228 Res
792 1172 904 1229 autem
934 1185 977 1228 ex
1003 1159 1134 1228 infinito
1162 1175 1195 1229 ct
1226 1165 1311 1230 nu-·'

244 1305 341 1351 mero
356 1292 602 1349 concreverant
648 1279 753 1368 Igitur
767 1281 1009 1371 ideaequoque
1024 1294 1182 1372 tanquam
1197 1289 1299 1376 prin-

245 1407 333 1494 cipia
355 1424 471 1470 rerum
493 1413 527 1466 et
550 1406 684 1468 numeri
707 1383 911 1472 exin'finito-
928 1414 962 1469 et
989 1427 1060 1494 nno
1087 1409 1296 1471 exstiterant.
1316 1441 1320 1445 -

175 1513 177 1518 ’
243 1523 347 1606 Quod
366 1546 471 1614 quum
491 1521 546 1603 fit,
568 1521 721 1610 perditur
746 1521 898 1590 idearum
920 1516 1058 1604 natura,
1089 1522 1159 1605 eui,
1186 1546 1294 1613 quum

127 1671 135 1680 ·
220 1647 423 1712 amalario
453 1642 551 1731 plane
577 1646 619 1707 sit
636 1654 785 1730 laecasin,
821 1665 929 1733 neque
960 1644 1055 1710 aliter
1078 1648 1143 1710 nisi
1166 1655 1293 1737 mente,

244 1767 329 1856 qua's
354 1779 421 1831 una
444 1774 478 1830 et
501 1761 645 1850 simplex
673 1773 738 1844 est,
770 1767 901 1852 concipi
927 1768 1050 1852 possit,
1080 1763 1170 1830 nihil
1196 1787 1293 1831 com-

243 1907 348 1954 mune
371 1887 598 1988 cum‘materia
615 1881 668 1950 rel
684 1888 876 1948 tenuissima
891 1883 1017 1970 fingere
1032 1883 1119 1952 licet.
1160 1867 1291 1976 ,Neque

241 2007 409 2074 debebant
424 2003 467 2069 ad
488 2001 675 2070 evitandam
699 2001 786 2084 hano
805 2001 1033 2078 difficultatem
1054 2005 1136 2095 fingi
1156 2011 1291 2072 numeri

242 2127 363 2194 idenlss
374 2127 574 2213 (stdmsuos'),
593 2122 817 2188 mathematici
833 2135 866 2194 et
879 2121 1021 2216 physici,
1046 2131 1170 2216 quippe
1182 2148 1289 2215 quum

244 2246 381 2316 ethaeo
395 2245 574 2337 Speusippi
596 2253 630 2308 et
655 2239 857 2311 Xenocratis
880 2243 1042 2312 subtilitas
1063 2269 1083 2314 a
1109 2243 1309 2334 roraPlag¹

140 2422 145 2430 ,
190 2455 194 2460 .
242 2372 330 2436 tonis
352 2367 522 2456 disciplina
546 2365 650 2432 aliena
665 2375 752 2432 esset
767 2360 827 2453 ⁸4).

692 2565 718 2658 §-
771 2565 830 2636 25.

341 2723 491 2814 Itaque
481 2747 517 2790 m
541 2733 632 2788 tanta
656 2725 706 2791 rei
733 2720 965 2810 ambiguitate,
999 2745 1106 2813 quum
1132 2727 1168 2788 in
1193 2721 1368 2790 libris·

205 2830 214 2844 ⁸
233 2847 388 2963 Platonis
411 2845 521 2913 nullus
541 2843 660 2937 pians,
692 2865 739 2911 ex
765 2865 833 2934 quo
856 2841 932 2908 tolia
963 2839 1167 2937 efficiantur,
1194 2841 1298 2910 locus.

240 2958 383 3037 inueniri
407 2977 523 3056 queat,
553 2967 749 3057 praesertim
774 2985 896 3062 quum
894 2963 987 3030 haec
1010 2975 1236 3032 numerorum
1254 2972 1286 3028 et

162 3106 166 3114 ’
240 3091 393 3158 idearum
415 3085 565 3154 confusio
590 3088 756 3153 asincera
777 3083 928 3153 doctrina
950 3083 1142 3174 philosophi
1161 3083 1285 3170 longis-

240 3218 325 3286 sime
346 3207 495 3292 recedat3
524 3212 651 3273 mirum
671 3225 748 3270 sane
772 3203 990 3288 accidisset,
987 3213 1015 3272 si
1036 3207 1143 3286 idem,
1178 3207 1284 3294 quiin

239 3321 348 3400 libris
356 3351 516 3397 numeros
538 3339 571 3396 et
583 3327 673 3395 ideas
690 3348 760 3394 esse
777 3327 913 3424 eosdem
926 3339 1104 3416 negasset,
1116 3329 1154 3391 in
1166 3322 1283 3402 scholis

210 3490 212 3494 ·
239 3477 312 3523 non
332 3449 443 3522 verbis
457 3449 559 3515 modo
578 3445 637 3516 sed
657 3453 837 3514 sententiae
857 3453 957 3514 eiiam
974 3469 1051 3513 suae
1066 3445 1284 3512 contradixis-

240 3586 301 3644 set.
352 3570 440 3643 Fieri
454 3573 543 3636 enirn
566 3572 677 3660 potuit
695 3567 847 3660 quidem,
874 3573 956 3661 quin
976 3567 1102 3636 factum
1123 3586 1194 3633 esse
1212 3585 1283 3631 cre-

325 3869 372 3938 84)
389 3867 498 3926 Ariston
522 3865 586 3922 Met·
596 3866 672 3930 XIV
695 3867 721 3924 ὅ
746 3888 792 3938 ιιι
787 3865 850 3926 stt.
879 3847 986 3922 rasin.
1004 3885 1032 3937 p.
1047 3881 1089 3937 7¹
1108 3883 1149 3934 sq.
1180 3858 1281 3956 Βιιιιιιι.

129 4036 132 4042 ,
239 3969 382 4042 ritu

579 4566 1367 4608 3...an

1412 3082 1421 3398 l

1206 4211 1421 4582 l
