2878 4616
237 315 289 396 n
629 357 839 384 1...-
1131 302 1141 334 ·

237 511 322 580 nihil
335 522 385 578 est
396 506 503 601 eliud,
524 531 624 600 quam
638 507 758 594 multa,
782 508 912 580 infinite
926 505 1093 606 (ἄπειρον)
1109 523 1143 580 et
1158 535 1283 604 perpe-

237 646 297 702 tuo
323 633 457 700 dividua
480 636 551 698 sine
574 630 648 720 lege
676 642 733 700 aut
751 629 873 700 forma.
933 630 1011 728 Quo
1031 637 1060 698 si
1076 657 1185 702 uuum
1199 636 1282 702 illud

237 726 421 836 accesserit,
443 755 617 818 materiam
635 751 840 826 inconditam
855 752 1043 840 digesserit,
1069 759 1283 822 couitmxerit

236 875 403 946 formano
425 872 568 961 regula,
582 892 628 938 ex
648 871 834 942 infinitoet
855 871 949 938 finito
963 872 1042 962 (qui
1062 871 1138 938 finis
1160 874 1283 942 dicitur

234 989 276 1065 τὸ
299 1001 348 1082 ἓν)
372 998 509 1062 tertium
528 991 684 1082 quiddam
707 997 855 1058 mixtum
876 1004 910 1058 et
931 993 1078 1077 finitum,
1101 995 1191 1086 quod
1211 996 1281 1060 aliis

235 1113 369 1208 quoque
383 1114 524 1180 modum
544 1113 657 1196 affert,
678 1118 807 1180 exsistit
824 1109 922 1206 (158.
937 1111 999 1204 D.)
1047 1113 1105 1180 Ex
1128 1139 1194 1204 quo
1210 1117 1282 1182 effi-

235 1242 340 1317 citur,
362 1233 433 1301 ‘elia
453 1233 508 1300 illa
528 1228 589 1327 (τὰ
613 1227 700 1304 ἄλλα
719 1236 783 1304 τοῦ
803 1227 900 1324 ἑνὸς)
923 1245 1057 1322 praeter
1080 1257 1187 1302 unum
1211 1237 1281 1302 esse

161 1453 163 1460 y
236 1361 376 1424 omnino
398 1367 432 1420 et
451 1353 579 1420 infinita
601 1365 635 1420 et
656 1355 759 1422 modo
779 1365 979 1459 temperem
1005 1376 1050 1420 ex
1072 1330 1139 1444 quo
1160 1356 1282 1422 hnma-

219 1499 358 1564 ¹narum
392 1498 509 1543 rerum
543 1474 711 1542 diversitas
746 1487 781 1544 et
811 1480 951 1546 varietas
971 1479 1149 1564 ,originem
1172 1475 1281 1544 ¹habet

235 1599 340 1685 (157.
353 1585 546 1662 B.'--159.
560 1593 632 1682 A.).
1310 1579 1313 1583 ⁸

294 1707 298 1711 ’
331 1715 427 1784 Haec
441 1715 656 1782 obscumiam
668 1737 738 1784 esse
751 1737 822 1782 non
834 1713 985 1807 possunt,
998 1698 1169 1800 sicerum,
1195 1739 1279 1808 quae

234 1859 336 1927 supra
362 1839 513 1927 exposita
534 1825 711 1935 leguntur,
748 1837 976 1927 recordemur.
1040 1821 1158 1905 Unum
1187 1844 1279 1904 enim

222 1949 294 2052 (td
313 1951 416 2056 ὅπως
438 1962 505 2045 ἓν),
537 1958 629 2048 quod
652 1955 724 2024 aliis
742 1957 878 2024 infinitis
900 1960 1099 2046 opponitur,
1132 1970 1279 2026 nonest

233 2063 298 2145 nisi
313 2077 406 2144 ideae
424 2081 531 2143 unitas
548 2069 611 2161 ,(τό
632 2083 734 2169 πέρας
742 2075 874 2144 Phileb.
897 2077 957 2145 23.
969 2077 1040 2165 O.),
1065 2082 1158 2144 carius
1174 2077 1280 2147 bene«

231 2197 328 2279 ficio,
353 2197 389 2262 id
409 2196 500 2286 quod
519 2208 597 2288 post
618 2196 887 2279 confirmabitur,
904 2196 1025 2264 modus
1045 2209 1078 2264 et
1092 2197 1167 2264 finis
1184 2181 1280 2268 com-

193 2348 208 2409 ξ
231 2323 424 2389 manicatur
441 2339 520 2384 cum
540 2323 696 2402 materia,
721 2330 840 2384 natura
858 2341 917 2385 sua
935 2316 1073 2386 informi
1088 2331 1121 2386 et
1139 2321 1279 2390 infinito.

331 2436 382 2505 At
404 2459 485 2506 vero
507 2435 590 2504 haec
619 2427 740 2528 quum‘
754 2461 800 2508 ex
829 2440 1036 2507 antecedenti
1058 2441 1278 2530 disputatione

230 2549 488 2650 (tia-157.
513 2557 576 2647 B.)
608 2571 815 2644 constarent,
842 2565 959 2650 ,pergit
983 2583 1161 2650 quaerere,
1199 2563 1278 2653 quid

231 2679 323 2764 aliis,
362 2677 404 2746 ab
437 2684 536 2746 unius
568 2683 724 2748 societate
755 2685 887 2771 penitus
921 2685 1095 2769 separatis,
1129 2685 1277 2752 accidere

230 2821 366 2868 necesse
395 2804 436 2866 sit
465 2795 572 2894 (159.
592 2799 633 2868 Β.
646 2814 699 2896 -Ξ-
714 2798 786 2868 160
802 2798 874 2898 B.)
928 2800 1130 2870 Ponendum
1154 2817 1276 2886 antem,

230 2933 412 3012 utrumque
425 2921 466 2986 ab
483 2910 586 2988 altero
602 2921 700 3012 plane
715 2920 846 3006 abesse,
880 2922 971 3012 quod
987 2920 1124 2990 tertium
1143 2921 1277 3015 aliquod

201 3057 203 3062 ’
229 3057 353 3131 genum
380 3038 616 3134 quojinvicem
640 3043 856 3132 copulentur,
886 3030 1025 3132 cogitari
1050 3043 1144 3110 nullo
1174 3045 1287 3112 modo*

229 3174 360 3256 potest.
399 3161 604 3231 Universitas
619 3167 721 3252 igitur
743 3187 860 3232 rerum
879 3165 942 3232 hac
964 3170 1142 3231 sententia:
1168 3189 1276 3264 unum¹

230 3297 266 3351 et
284 3296 417 3374 praeter
437 3307 544 3352 unum
565 3295 689 3366 cetera,
713 3290 965 3375 pronunciatur.
1020 3283 1145 3374 Itaque
1159 3309 1278 3352 conse·

230 3417 379 3495 quantur
399 3403 492 3471 haec.
542 3403 628 3470 Sunt
645 3405 742 3494 plane
765 3418 931 3497 separata3
955 3409 1046 3496 atqui
1071 3427 1178 3472 unum
1195 3405 1276 3471 illud
1359 3421 1362 3432 ’

229 3545 309 3596 vere
330 3538 364 3594 et
383 3531 522 3593 omnino
540 3548 648 3594 unum
667 3504 720 3616 (td
742 3526 786 3608 ὥς
808 3527 949 3613 ἀληθῶς
969 3533 1005 3596 ἓν
1030 3525 1112 3593 159.
1129 3525 1182 3612 O.)
1193 3546 1275 3612 par·

229 3651 316 3713 tium
337 3657 386 3714 est
401 3669 539 3736 prorsus
552 3652 723 3736 immune3
747 3670 827 3738 ergo
842 3671 904 3716 nec
920 3660 1032 3716 totum
1043 3669 1106 3713 nec
1122 3645 1274 3736 partibus

141 3781 154 3813 ·'
231 3791 311 3834 cum
331 3772 465 3835 caeteris
480 3765 539 3856 (cf.
560 3791 595 3858 p.
609 3768 694 3836 130.
711 3768 904 3843 Ε.--131.
919 3771 975 3858 Ε.)
997 3747 1273 3838 comminuentur.

224 3886 332 3984 'Quae
348 3893 395 3956 sio
418 3889 555 3980 quidam
575 3911 645 3970 ¹nec
664 3887 789 3958 habent
807 3913 871 3958 nec
901 3902 979 3956 suu
999 3912 1107 3957 unum
1130 3889 1273 3980 aliquod,
1324 3955 1326 3958 .

229 4029 338 4102 neque
360 4010 438 4076 ideo
454 4009 560 4082 mutu
575 4023 633 4079 aut
651 4009 785 4079 definita
805 4011 881 4080 ullo
896 4015 1040 4078 numero
1055 4011 1182 4101 (utqui
1203 4015 1272 4076 sine
