2878 4616
242 289 393 391 ses·
692 322 847 340 --

217 483 307 550 'sire
321 497 470 566 genera,
500 493 631 554 summa
654 472 734 554 ulia,
762 474 824 540 alia
852 473 1029 564 inferiora,
1063 482 1286 566 consequitur.

238 599 405 680 Quocirca
429 600 466 660 in
486 593 701 688 intelligenda
728 594 901 684 disciplina
923 599 1071 666 Platonis
1094 597 1176 680 hoc,
1210 621 1288 666 om-

119 807 120 810 *
236 723 333 818 nium
349 739 482 800 rerum,
507 721 576 782 sire
590 721 628 794 in
643 715 813 788 intellectu
826 721 892 788 sint
909 725 977 792 sire
990 725 1026 788 in
1041 698 1156 786 sensus
1170 724 1286 784 ineur-

236 851 331 926 rant,
357 860 500 928 quarum
515 847 599 902 esset
622 849 711 904 certa
728 849 766 921 et
789 851 942 908 constans
963 853 1083 909 natura
1097 838 1149 909 vel
1172 861 1286 906 essen-

235 967 299 1042 tia,
323 957 506 1024 earsmdem
528 979 598 1024 esse
623 958 732 1041 ideas,
757 959 863 1050 probe
885 974 1057 1030 teneamus
1073 981 1207 1026 necesse
1226 971 1286 1028 est.

228 1083 341 1150 ,cuns
361 1083 412 1146 rei
436 1090 548 1144 autem
569 1091 763 1149 cerneretur
783 1081 874 1150 nulla
896 1087 1095 1165 constantia,
1128 1085 1198 1148 eius
1222 1103 1286 1146 ne-

195 1173 200 1184 .
236 1225 301 1294 que
315 1211 439 1272 'mente
460 1197 634 1266 informari
656 1199 767 1268 ideam
781 1198 836 1296 ⁸⁰).

239 1331 242 1340 '
335 1318 387 1388 At
410 1341 509 1400 vero,
535 1307 643 1408 quum
663 1321 858 1392 diversitatis
877 1345 993 1390 rerum
1012 1345 1109 1390 causa
1132 1320 1283 1390 videatur

234 1465 305 1526 esse
326 1441 389 1510 alia
412 1439 502 1557 nplle
524 1451 658 1528 praeter
680 1448 838 1510 materiae
860 1449 1071 1526 varietatem,
1103 1465 1188 1510 uum
1211 1440 1284 1508 for-

233 1575 319 1630 tusse
341 1560 458 1628 eadem
479 1571 513 1626 et
528 1560 679 1628 idearum
694 1571 744 1630 'est
756 1562 865 1632 ratio?
914 1565 1006 1636 Nam
1022 1561 1191 1652 quomodo
1204 1573 1283 1651 pot·

138 1663 139 1667 Ἰ
234 1695 285 1754 eat
304 1682 396 1763 fieri,
428 1691 465 1748 ut
487 1685 575 1763 eius,
603 1682 695 1771 qued
718 1706 764 1753 ex
784 1686 926 1776 simplici
953 1696 987 1752 et
1007 1685 1105 1774 plane
1127 1705 1194 1748 una
1220 1704 1283 1748 na·
1310 1709 1320 1718 -

233 1817 310 1872 tura
339 1805 481 1882 exstitit,
515 1805 658 1878 varietas
683 1815 718 1870 et
744 1806 922 1874 multitudo
953 1827 1023 1872 esse
1055 1801 1282 1891 intelligatur?

231 1923 293 2000 An
316 1921 461 2020 subiecta
484 1933 533 1988 ett
558 1922 711 1993 idearum
738 1931 837 1994 variis
858 1925 1037 2014 generibus
1057 1923 1100 1992 'et
1128 1927 1216 1990 inter
1244 1946 1280 1990 se

232 2048 369 2114 dirersis
391 2042 568 2132 multiplex
587 2043 750 2134 quaedam
762 2045 924 2114 materia?
976 2047 1170 2134 Corporum
1189 2048 1280 2110 enim

177 2241 181 2248 ,
231 2173 370 2238 varietas
388 2187 408 2229 a
429 2168 586 2233 materiae
613 2161 724 2254 (ὕλης)
747 2173 838 2236 varia
860 2171 1064 2258 proprietate
1085 2163 1279 2234 deducenda

229 2313 302 2358 esso
319 2287 461 2357 videtur.
510 2279 560 2352 At
576 2307 740 2376 quaenam
761 2300 818 2356 aut
835 2289 939 2381 qualis
957 2300 1006 2356 est
1025 2265 1108 2354 llaec
1125 2285 1279 2354 idearum

230 2423 473 2498 etcorporum
502 2405 665 2506 materia?
730 2405 957 2480 Communem
991 2421 1026 2476 et
1055 2409 1208 2476 idearum
1244 2417 1279 2472 et

231 2549 416 2620 corporum
442 2533 640 2609 materiam,
689 2553 796 2621 quum
825 2532 937 2620 dispar
972 2532 1144 2619 utriusque
1173 2547 1278 2617 gena-

217 2628 275 2720 vris
295 2655 337 2716 sit
349 2652 453 2729 ratio,
476 2653 671 2737 concipere,
691 2649 784 2718 nullo
800 2665 898 2740 pacto
913 2643 1085 2731 convenit,
1102 2636 1276 2737 iluplicem

229 2782 343 2838 autem
366 2779 401 2834 et
422 2768 625 2857 singularem
639 2775 676 2836 in
692 2772 829 2860 singulis
849 2751 991 2861 fingere,
1023 2769 1189 2837 lubricum
1205 2790 1275 2834 ease

228 2890 370 2960 videtur.
419 2887 632 2978 Excogitavit
655 2902 785 2976 tamen,
807 2903 845 2960 ut
863 2893 949 2962 hanc
966 2889 1192 2960 difficultatem
1211 2886 1277 2954 tol-
1304 2915 1309 2924 ·

228 3012 329 3094 leret,
361 2989 559 3079 Aristoteles
581 3011 749 3102 duplicem
771 3019 962 3098 materiam,
992 3011 1131 3078 alteram
1154 3031 1277 3098 corpo-

227 3155 308 3200 rum
326 3128 463 3197 alteram
477 3135 655 3198 notionum
671 3145 704 3200 et
719 3134 872 3200 idearum
889 3129 941 3229 81).
990 3131 1036 3200 Et
1047 3153 1147 3213 vero,
1171 3152 1276 3220 quum

228 3259 265 3321 in
292 3249 447 3318 omnibus
468 3256 608 3320 varietus
634 3264 668 3318 et
688 3252 851 3320 distinctio
876 3277 896 3320 a
922 3257 1079 3334 materie,
1119 3256 1231 3318 unitus
1256 3274 1276 3315 a

210 3368 339 3458 ¹forma
359 3371 540 3460 repetenda
563 3374 732 3442 videretur
753 3374 850 3465 (Met.
864 3373 962 3442 XIV.
983 3375 1017 3440 2.
1038 3396 1071 3461 p.
1086 3364 1208 3463 tlt),
1240 3367 1276 3437 id
1298 3417 1302 3423 ·

227 3497 387 3585 quoniam
409 3494 445 3556 in
473 3491 556 3558 ideis
585 3515 719 3590 quoque
747 3500 940 3584 contingere
978 3493 1193 3580 intelligeret,
1236 3501 1276 3558 ut

225 3670 438 3692 m

219 3819 220 3824 =
293 3785 341 3856 so)
360 3784 402 3842 Cf.
426 3784 555 3840 cumbis
577 3787 764 3846 refutationem
785 3787 935 3842 Platonicis
966 3786 1000 3840 ds
1029 3785 1096 3838 ideis
1117 3783 1275 3856 disciplinae

227 3886 299 3958 apud
318 3886 424 3942 Aristat.
443 3883 589 3941 Met-Xlll.
608 3886 635 3944 4.
653 3889 749 3958 pat&
865 3949 868 3962 ¹

215 4015 230 4039 t
295 4004 341 4074 aa)
357 4003 616 4072 arscennene,
630 3981 755 4078 litanti.
767 4007 866 4063 linas.
886 4003 1017 4076 Phys-ill,
1028 4004 1053 4059 i.
1067 4003 1146 4072 μδ,
1161 4003 1188 4060 6.
1196 4021 1224 4072 p.
1231 3997 1274 4056 56.
