2878 4616
233 324 284 400 46
683 341 886 388 --··-·'

133 499 137 510 ’
235 526 296 616 sitq
322 515 490 608 quomodo
509 519 600 583 enim
621 536 678 596 ea,
706 535 789 605 quaa
812 522 1071 605 permutationes
1090 527 1129 592 ¹et
1149 523 1275 587 vicissi-

233 639 363 708 tudines
395 637 553 718 subeunt,
592 655 669 702 vare
693 639 821 722 possint
849 633 944 704 esse?
985 637 1275 739 ·Quodqqnidem

131 727 144 798 Ι·
233 772 308 828 utut
325 770 392 840 est,
416 769 529 826 teman
549 759 704 843 cognosci
725 766 835 844 potest
856 762 1011 844 opinione
1025 756 1134 855 (δόξῃ)
1150 773 1183 826 et
1195 784 1274 849 per.

233 886 383 970 ceptione
395 872 593 972 (αὶςθήσει),
608 898 744 966 exque
757 881 922 964 pertinere
937 857 1106 946 scientiam
1123 878 1274 966 (intorq-

233 999 324 1093 μην)
362 999 429 1066 sd
426 1003 627 1087 opinionem
652 996 693 1064 de
726 999 886 1070 eiusmodi
920 999 1020 1066 rebus
1050 1000 1272 1078 definiendam

233 1125 372 1210 coginu.

334 1236 577 1314 Admirabilem
591 1237 676 1308 hanc
689 1241 732 1310 de
748 1244 932 1313 Existentia
946 1238 1054 1328 Unius
1075 1241 1160 1308 illius
1178 1261 1273 1306 com-

232 1364 470 1430 mentationem
504 1361 664 1446 tredecim
693 1368 835 1451 paginis
852 1361 961 1459 (142.
980 1362 1082 1428 0.--
1098 1360 1182 1442 155.
1205 1360 1272 1452 D.)

233 1480 416 1548 absolutam
443 1485 472 1544 si
488 1471 578 1570 'quis
607 1491 730 1549 attente
760 1495 794 1548 et
822 1483 994 1572 diligenter
1017 1429 1212 1572 perlegerit,
1242 1485 1271 1544 is

132 1693 136 1702 ὓ
230 1601 380 1694 profecto
403 1613 436 1668 et
458 1599 701 1674 subtilissimam
723 1608 987 1674 severissimam
1013 1625 1087 1676 eam
1108 1599 1272 1682 iudicabit.

133 1811 137 1822 Ι
229 1725 412 1792 Neminem
433 1727 523 1818 enim
543 1722 734 1798 latereiam
752 1724 921 1816 puto,1de
945 1722 1109 1812 qu0.Uno
1134 1721 1272 1788 dicatur.

137 1835 139 1838 ⁵
230 1845 292 1911 Est
319 1843 401 1910 haec
427 1865 544 1910 rerum
574 1848 611 1908 in
639 1859 755 1936 sensus
787 1848 1031 1912 incurrentium
1066 1848 1271 1924 universitas,

134 1951 136 1957 ’
230 1987 331 2055 quam
348 1963 486 2031 dicimus
508 1964 689 2045 mundum,
719 1967 776 2052 qui
799 1969 964 2051 cernitur,
998 1986 1065 2053 qna
1086 1975 1127 2033 ut
1153 1985 1270 2066 orqnes

229 2106 283 2149 res
306 2081 452 2170 singulae
475 2084 554 2155 licet
580 2083 818 2152 diversissimae
847 2084 1196 2174 comprehenduntur,
1226 2088 1271 2150 ita

228 2227 335 2270 unum
350 2203 405 2273 illa
418 2204 610 2293 appellatur.
660 2189 870 2292 Atspeciem
883 2216 1012 2272 tantum
1026 2189 1158 2270 unitatis
1173 2227 1270 2291 prae-

199 2388 203 2392 .
229 2324 301 2405 bet,
329 2336 367 2394 ut
388 2347 489 2413 supra
509 2320 558 2415 (p.
576 2322 649 2410 39.)
670 2323 854 2394 docuimus.
912 2324 1140 2408 Quamobrem
1161 2335 1198 2409 et
1216 2348 1270 2390 es-

201 2443 362 2514 mentior
385 2444 575 2534 eademyes't
598 2449 693 2520 ratio.
750 2447 832 2532 Non
856 2458 920 2528 est,
955 2445 1175 2534 quodcunque
1192 2467 1271 2526 mu-

133 2643 136 2652 ,
227 2567 345 2630 tatiani
361 2562 547 2629 obnoxium
561 2559 614 2658 (τὸ
633 2563 839 2656 γιγνόμενον)
852 2571 1037 2652 invenitu13
1063 2564 1152 2654 quod
1167 2572 1270 2654 qnn'm

228 2707 299 2750 esse
321 2695 434 2750 temen
456 2681 668 2771 perhibetur
682 2711 771 2754 non
795 2685 878 2788 illud
901 2709 979 2752 vere
1003 2691 1069 2756 sive
1093 2707 1163 2750 non
1184 2708 1271 2748 sem-

227 2827 290 2894 per
318 2815 366 2870 esi
387 2827 495 2870 unum
521 2815 554 2870 et
575 2805 685 2890 idem,
723 2807 814 2895 quod
846 2818 973 2874 constat
1003 2807 1068 2886 sibi
1085 2827 1269 2894 nunquam,

228 2925 286 2991 sed
305 2924 346 2992 fit
368 2930 543 3006 continua,
566 2947 691 3016 neque
685 2932 758 3006 nisi
774 2927 950 2994 articulum
974 2931 1170 3013 temporis,
1178 2928 1268 3016 quod

228 3059 438 3112 momentum
459 3044 598 3110 dicimus
615 3042 668 3129 (rii
685 3048 741 3131 ἐξα
743 3045 870 3142 Ὴφνης)
897 3048 995 3112 durat
1011 3048 1062 3134 (p
1068 3041 1155 3112 1255
1171 3048 1211 3112 E
1216 3085 1270 3101 ψ-

132 3149 137 3157 ,
180 3162 183 3169 ’
230 3165 312 3233 157.
327 3165 382 3252 Β.)
431 3165 585 3253 Exque,
596 3173 768 3255 quantum
780 3167 996 3234 imbuendum
1012 3171 1053 3230 sit
1062 3165 1270 3231 Herachteae

228 3265 304 3354 doct
292 3290 413 3365 trinae,
448 3277 565 3350 fluere
580 3292 690 3378 omnia
711 3311 774 3354 neo
794 3295 971 3384 consistere
995 3257 1192 3378 quidquam,
1236 3298 1269 3352 ct

227 3431 327 3496 quam
350 3406 416 3476 late
432 3416 559 3493 patent,
583 3387 787 3497 intelligitur.

229 3545 243 3586 .·
328 3527 423 3593 Haec
446 3530 566 3592 sicum
587 3531 645 3611 iis,
682 3552 765 3618 quae
791 3551 891 3618 supra
913 3527 954 3594 de
977 3549 1056 3594 vern
1077 3549 1195 3592 rerum·
1213 3543 1267 3598 ess

227 3629 360 3726 sentia,³
378 3667 461 3736 quae
480 3649 517 3710 in
530 3647 620 3746 ideis¹
636 3653 799 3731 cernitur,
825 3660 859 3714 et
881 3649 1135 3713 de'existentiae
1150 3665 1267 3711 rerum

225 3763 449 3834 humanarum
479 3766 597 3833 nature
618 3739 882 3860 proposuimus,
920 3777 1173 3865 comparentur,
1203 3770 1274 3867 nisi,

225 3887 355 3968 fallor,
369 3871 635 3996 perspicietur,
636 3887 711 3954 hoc
724 3913 849 3978 unum,
877 3889 964 3978 quod
990 3881 1123 3974 est(ed
1137 3877 1267 3972 iada),

225 4008 314 4072 idem
335 4011 475 4095 reperiri
485 3991 584 4096 qnod
600 4018 838 4102 πεπεραςμένον
851 4010 957 4082 illud
947 4032 982 4074 111
995 4007 1133 4076 Philebo
1148 4006 1196 4098 (p
1207 4001 1268 4084 23
