2878 4616
506 348 865 394 '-=--·¹
1150 331 1198 402 61

154 517 255 608 dibile
277 517 332 599 lit,
360 517 405 584 ut'
418 539 534 622 rerum
549 522 722 609 ‘principia
736 517 875 631 physicp
889 519 1060 609 ‘explicem
1078 541 1202 604 nume-

148 655 276 708 rorum
300 639 424 712 auxilio
453 640 488 704 id
519 639 652 729 efficere
682 640 869 712 studeret...
896 641 987 708 Nam
1009 641 1044 708 id
1067 642 1203 730 quidem
1268 675 1272 683 ·
1300 717 1313 740 x
1341 687 1344 694 -

156 760 271 826 debuit
287 759 378 842 fieri,
404 781 511 850 quum
530 781 752 832 numerorum
770 761 961 842 definitione
983 751 1111 830 infinitis
1129 785 1205 830 ma-

79 901 82 906 ·
156 885 258 948 terias
276 877 383 945 molas
399 879 524 968 digesta
539 891 573 946 et
591 885 775 966 composita
794 894 888 948 esset.
939 882 996 949 Ex
1013 883 1138 972 quibu!
1152 867 1205 948 ta·

156 1023 236 1068 men
259 1021 331 1066 nen
351 1021 467 1066 causae
489 999 654 1068 naturales
676 1005 744 1068 sive
767 1001 963 1094 efficientes,
993 1001 1052 1068 sed
1073 1014 1205 1070 tantum

156 1101 313 1189 formales
333 1124 370 1186 ln
384 1125 571 1209 specierum
585 1125 742 1188 varietate
760 1107 991 1212 distinguenda
1008 1129 1207 1213 conspicuae

156 1237 369 1323 deducendae
383 1220 480 1306 sunt.
529 1239 630 1308 Dixit
650 1247 769 1331 igitur,
793 1225 885 1333 quod
905 1255 1054 1334 peterat,
1079 1264 1204 1310 nume-

55 1444 63 1462 ·
86 1431 88 1435 ,
128 1343 213 1429 res
235 1360 361 1428 ordinis
383 1372 417 1428 et
440 1367 695 1454 compositionis
711 1374 852 1452 propter
872 1354 1014 1430 modum
1036 1374 1069 1432 et
1092 1369 1205 1432 unita-

155 1498 322 1574 temesse
349 1505 480 1566 causas,
494 1491 622 1576 'eoque
649 1489 804 1552 societate
831 1507 910 1574 cum
929 1484 1011 1550 ideis
1034 1487 1204 1573 coniungi,

93 1638 98 1644 ·
156 1620 199 1676 ut
218 1629 303 1698 quae
326 1615 435 1672 essent
455 1603 631 1673 simulacra
652 1627 817 1694 generum
841 1615 876 1671 et
904 1616 1057 1671 constans
1086 1607 1205 1670 unitas.
1299 1598 1301 1603 ’

160 1727 270 1810 Quid,
303 1704 394 1817 quod
419 1745 497 1792 cum
517 1724 600 1794 ideis
626 1747 834 1818 comparasse
858 1725 949 1792 credi
980 1735 1100 1814 potest.
1156 1721 1209 1790 At
1260 1743 1264 1752 ·

159 1835 331 1917 ideas‘eos
351 1849 544 1913 nominasse
566 1858 600 1913 et
620 1852 667 1914 sic
683 1851 890 1938 praecepisse
911 1844 1013 1928 adeo,
1037 1850 1097 1914 vix
1109 1857 1146 1912 et
1162 1866 1208 1912 ne

160 1975 221 2038 vix
239 1967 376 2060 quidem
398 1963 554 2034 credibile
571 1977 629 2034 ese
680 1963 731 2035 At
752 1972 824 2056 ipsa
848 1977 962 2034 tamen
984 1967 1067 2034 baec
1090 1965 1208 2032 simili·
1242 2039 1259 2048 ¹,

160 2089 285 2163 tudinis
302 2063 505 2176 eomparatio
527 2085 637 2156 fraudi
651 2085 716 2184 fuit
728 2087 905 2177 discipulis.
940 2087 1076 2156 Etenim
1092 2099 1209 2186 utrum

50 2285 61 2308 .
162 2227 277 2286 seusus
292 2214 415 2276 inesset
435 2192 634 2296 sententiae,
658 2209 819 2276 numeres
841 2220 875 2274 et
895 2207 985 2275 ideas
1008 2231 1079 2304 esse
1094 2230 1209 2284 causas

162 2353 298 2412 rerum,
328 2349 459 2410 annon,
496 2325 533 2395 id
561 2327 698 2420 quidem
725 2351 797 2396 non
825 2329 985 2396 curabant
1014 2335 1056 2415 ii,
1088 2306 1210 2422 quibus

38 2503 42 2509 .
110 2478 113 2486 ·
162 2449 266 2522 verba
280 2459 313 2516 et
325 2446 554 2516 similitudines
566 2460 605 2518 ut
617 2471 672 2517 res
685 2447 843 2518 valerent.
892 2449 996 2542 quue
1017 2473 1123 2544 quum
1144 2467 1210 2533 po·

163 2577 296 2640 minum
316 2568 527 2660 Pythagorae
549 2577 583 2638 et
607 2569 753 2638 Platonis
769 2577 970 2640 auctoritate
992 2571 1211 2658 confirmare-

162 2689 237 2774 tur',
267 2713 351 2781 quae
371 2694 534 2758 nimirum
556 2690 650 2792 apud·
673 2689 827 2759 homines
854 2694 1037 2762 meditandi
1060 2669 1211 2760 insoleu-

163 2819 266 2880 tiores
288 2833 421 2900 semper
441 2810 766 2902 valuit-plurimum,
800 2813 1019 2882 sublataerat
1039 2819 1148 2880 omnis
1168 2813 1212 2882 de

166 2955 206 3001 ee
229 2955 268 3000 re
297 2931 477 3017 dubitatio,
505 2943 540 2999 et
562 2931 653 3024 quod
679 2932 754 3000 fieri
762 2958 948 3026 ⁸nunquam
972 2939 1098 3024 potuit,
1131 2956 1212 3003 vere

161 3029 217 3120 ¹est
235 3051 370 3119 lactum.
429 3052 577 3120 Ntuueri
596 3063 809 3122 suntrerum
828 3060 993 3146 principia
1013 3051 1150 3149 (ἀρχαὶ)
1178 3068 1213 3125 et

109 3167 113 3173 ’
167 3149 526 3266 elementalcroaxeta)
541 3175 659 3254 creati,
680 3196 865 3268 eorumque
879 3177 1041 3243 elementa
1054 3163 1154 3244 etiam
1167 3175 1211 3266 ad

167 3294 255 3360 ideas
270 3296 448 3382 pertinent.
501 3291 557 3360 Sic
572 3314 669 3383 saepe
683 3295 903 3372 similitudinis
916 3301 1061 3387 speciem
1073 3319 1137 3389 pro
1152 3313 1213 3366 va:-

166 3419 264 3482 ritate
285 3414 375 3479 docti
396 3412 520 3490 scilicet
541 3413 695 3484 homines
717 3417 865 3508 amplexi
882 3430 968 3488 suut
1019 3445 1021 3452 ¹
1190 3407 1191 3410 ¹

621 3615 651 3714 §r
704 3619 765 3689 26·
852 3653 855 3661 “

148 3768 150 3771 ’
266 3757 340 3848 Ἰαω
367 3766 458 3861 quod
478 3769 521 3837 ad
542 3768 732 3840 Aristotelis
752 3778 980 3842 testimonium
1006 3777 1139 3857 attinet,
1166 3773 1213 3857 id,

171 3895 343 3984 quoniam⁸
358 3914 428 3958 nen
454 3889 525 3959 fere
553 3863 617 3960 nisi
646 3915 690 3960 ex
719 3893 811 3961 libris
843 3895 1078 3987 metaphysicis
1107 3899 1214 3983 repeti

15 4091 16 4094 Ἴ
169 4011 272 4094 solet,
309 4031 429 4101 parum
452 4013 548 4082 valet.
607 4013 775 4098 Quamdiu
797 4021 887 4086 euim
909 4009 1068 4108 pendebit
1090 4016 1131 4084 de
1154 4039 1215 4082 au-
