2878 4616
248 312 299 388 aa
622 285 852 374 ·-’---

246 558 250 566 ,
334 503 507 574 Proxime
528 515 640 572 autem
655 506 805 576 adiciens
826 511 1067 580 vtm‘aecedere
1093 532 1164 580 voc.
1182 501 1312 600 odota,

247 649 293 694 ex
305 633 365 710 iis,
390 649 476 718 quae
490 629 567 692 ante
583 617 673 709 dixi,
702 627 802 718 patet
843 615 1045 720 sUtrumqno
1068 637 1160 710 enim
1182 657 1299 702 essen-

131 805 138 824 ,
245 755 313 816 tiae
335 753 480 838 signum.
514 750 610 833 'Quo
631 755 775 839 pertinet
786 751 879 818 locus
899 759 937 820 in
956 753 1112 820 Parmen.
1139 755 1221 822 135.
1243 757 1296 840 B,

131 859 132 862 ¹
247 871 307 938 ubi
330 877 424 960 γένος
446 883 479 937 et
503 872 602 941 odoia
615 885 656 938 nt
677 893 781 960 genus
807 883 840 939 et
858 885 977 940 natura
998 897 1116 942 rerum
1141 887 1298 945 oonsttms

248 1004 498 1081 componuntur
513 989 565 1086 ⁵⁵).
686 1037 689 1048 ι

344 1112 429 1178 titud
451 1123 562 1178 autem
585 1112 625 1178 ab
641 1106 822 1179 Aristotele
838 1111 964 1182 dictum
979 1115 1077 1199 (Met.
1093 1115 1118 1198 Ι,
1136 1115 1185 1183 6.
1176 1141 1224 1208 p
1216 1117 1295 1186 ..16

248 1225 376 1325 sylo),
404 1231 494 1299 ideas
511 1227 649 1300 easdem
674 1255 764 1300 esse
774 1245 806 1298 et
829 1257 1005 1317 numeros,
1025 1243 1169 1304 tantum
1191 1239 1295 1320 abest,

248 1363 288 1418 ut
307 1353 387 1422 locis
416 1353 581 1420 librorum
605 1351 754 1420 Platonis
780 1353 908 1420 idoneis
939 1355 1072 1422 defendi
1099 1363 1221 1447 possit,
1255 1369 1295 1426 ut

248 1489 386 1561 prorsus
407 1480 522 1563 negari
546 1453 677 1542 debeat'
712 1467 822 1542 'Nam
852 1475 942 1563 qnod
962 1475 1067 1572 refert
1086 1476 1128 1542 de
1153 1485 1294 1545 materia

239 1592 416 1677 idearum,
440 1579 601 1661 exstitisse
618 1617 671 1661 eas
688 1617 734 1661 ex
749 1617 871 1684 magno
894 1607 928 1661 et
945 1617 1049 1685 parvo
1072 1609 1231 1687 tanquam
1247 1623 1292 1666 ex

248 1713 419 1782 elementis
439 1717 659 1806 (στοιχείοις),
664 1715 894 1844 formamque
909 1716 1054 1805 (οὐσίαν)
1089 1741 1205 1785 earum
1221 1742 1292 1786 esse

183 1921 186 1932 Ι
245 1857 354 1904 ιιιιιιιιι
377 1832 430 1930 (τὸ
446 1841 508 1925 ἔν),
529 1849 562 1904 et
581 1848 774 1927 propterea,
801 1837 921 1925 quod'
911 1861 1014 1927 1ps1us
1026 1843 1161 1905 unitatis
1184 1853 1292 1907 essent

134 1941 138 1950 ¹
247 1964 422 2052 participes
444 1949 545 2042 (κατὰ
564 1959 702 2048 μέθεξιν
718 1960 785 2028 τοῦ
802 1955 907 2059 ἑνός),
929 1959 1019 2026 ideas
1042 1983 1112 2026 esse
1132 1953 1291 2042 numeros

245 2076 305 2168 (τὰ
328 2081 397 2165 εἴδη
420 2074 595 2160 εἶναιτοὺς
611 2069 813 2174 ἀριθμὸύς),
835 2080 870 2145 id
885 2093 1025 2172 propter
1045 2083 1291 2171 ambiguitatem

198 2194 200 2202 ¹
245 2208 337 2274 vocis
360 2201 460 2272 οὐσίαι
477 2221 616 2290 vereor,
641 2214 678 2268 ut
692 2203 862 2269 Platonioe
883 2203 1016 2270 dixerit.
1066 2203 1202 2270 Etenim
1217 2203 1290 2273 for-

245 2347 338 2392 mam
350 2346 468 2392 recum
482 2315 577 2388 Plato
593 2345 637 2388 an
651 2334 793 2414 usquam
814 2321 932 2394 οὐσίαν
945 2325 1176 2416 appellaverit,
1198 2323 1289 2390 affir-

242 2467 337 2518 mare
362 2467 434 2511 non
456 2449 572 2510 aueim'.
615 2440 814 2511 'Aristoteles
834 2445 975 2535 quidem'
994 2445 1060 2513 lioc
1079 2469 1178 2512 sensu
1192 2445 1291 2510 intel·

187 2585 191 2593 “
243 2548 332 2658 l'tgit,
360 2577 400 2632 ut
421 2565 506 2634 Met.
520 2561 604 2646 VH,
630 2563 664 2630 3.
684 2566 814 2652 p.106.
865 2565 967 2648 Quod
988 2591 1091 2656 quum
1109 2573 1207 2632 etiam
1224 2565 1290 2632 hoc
1369 2668 1372 2677 ,

245 2689 321 2756 loco
353 2687 546 2767 admiserit,
578 2689 760 2773 speciosam
786 2685 976 2756 'Platonicae
996 2700 1029 2754 et
1048 2683 1288 2778 Pythagoricae

245 2809 436 2899 disciplinae
466 2809 719 2872 consentionem
749 2805 868 2873 effecit.
930 2805 985 2874 Ac
1014 2807 1109 2874 Plato
1142 2807 1287 2896 quidem,

202 2966 207 2977 =
244 2931 334 3020 ideas
356 2926 533 3024 complecti
546 2949 661 2993 rernm
676 2925 794 2997 οὐσίαν
814 2931 881 2996 sive
903 2933 1077 2996 essentiam
1092 2950 1288 3019 perennem,
1345 2913 1347 2918 ’

245 3049 379 3133 docuit,
414 3057 579 3115 numeros
598 3047 830 3139 Pythagoras·
873 3045 945 3116 Iam
970 3049 1025 3116 ille
1056 3049 1146 3116 ideas
1172 3072 1288 3115 rerum

242 3167 407 3262 principia
429 3163 612 3254 constituit,
650 3170 732 3236 alter
756 3174 926 3236 numerosi
984 3167 1092 3270 Atqni
1112 3193 1219 3235 unum
1241 3181 1288 3234 est

246 3263 461 3375 essentia'dsd
479 3293 515 3360 in
530 3280 627 3360 οὐσίόι
646 3295 749 3378 ἐστι’),
771 3291 861 3381 quod
876 3291 929 3357 vel
949 3277 1012 3378 sic,
1036 3305 1074 3358 ut
1086 3313 1194 3357 unum
1209 3311 1287 3356 vere

144 3497 153 3505 .
245 3437 305 3480 ens
335 3417 391 3496 sit,
427 3411 481 3478 vel
513 3422 552 3476 ut
579 3435 686 3478 unum
700 3411 821 3510 ¹forma
850 3399 995 3494 dicatur,
1029 3414 1136 3500 accipi
1168 3420 1287 3498 potest.

245 3534 359 3622 Igitur,
381 3532 472 3624 quod
490 3531 564 3596 idea
586 3541 618 3596 et
637 3555 798 3597 numerus
813 3537 938 3619 pariter
960 3545 993 3598 et
1012 3557 1120 3599 unum
1140 3544 1174 3597 et
1189 3529 1287 3599 οὐσία

246 3667 340 3738 sunt,
373 3663 551 3744 propterea
575 3675 653 3720 cum
673 3651 866 3744 Pythagora
886 3653 981 3720 Plato
1010 3659 1218 3721 consentiens
1247 3673 1286 3719 re

314 3939 361 4012 55)
379 3927 428 3994 De'
443 3961 493 4000 usu
515 3965 572 4004 voc.
591 3945 669 4004 οὐσία
693 3922 902 4018 dpudnostmm
926 3965 952 4000 v.
968 3907 1108 4002 Heindorf..
1130 3947 1165 4001 ad
1178 3945 1284 4003 'itaet
1304 3963 1311 3978 ²

244 4040 322 4113 aa.
340 4042 375 4098 ιι
387 4041 494 4130 neas,
511 4045 609 4115 atae:
630 4023 813 4120 nyssenae.
827 4049 862 4104 aa
879 4047 977 4103 esaei.
992 4045 1089 4118 pass.
1170 4091 1172 4096 .

1421 1059 1424 1152 ¹
