2878 4616
480 271 492 314 1

237 317 298 392 ἰι
705 295 892 382 «--’-
981 283 992 304 ’

1262 431 1269 466 l

248 515 322 581 riae'
341 518 382 578 sit
402 511 499 600 plane
522 531 643 596 expers
662 521 695 576 et
717 533 736 574 a
756 515 969 596 generatione
990 511 1030 577 'et
1050 517 1291 602 compositione

248 623 524 715 remotissimum,
549 629 585 695 id
605 629 748 719 simplex
763 627 923 720 (ἁπλοῦν)
943 653 1013 697 esse
1037 645 1179 722 oportet.
1215 637 1292 702 Ne'c

248 763 357 844 potest
382 750 472 833 fieri,
505 763 543 816 ut
564 755 684 816 mentis
715 755 891 839 conceptui
919 763 952 818 et
983 759 1138 819 materiae
1167 752 1293 844 aliquid

248 880 290 940 sit
306 893 492 939 commune.
531 871 681 936 Tametsi
695 892 776 937 vero
793 869 859 936 hoc
871 875 916 936 ita
933 883 997 955 est,
1018 884 1130 939 tamen
1144 874 1291 962 simplex

247 993 338 1060 haud
360 993 552 1080 intelligitur
577 991 675 1073 illud,
708 995 744 1056 in
768 1011 835 1079 quo
857 991 941 1057 nihil
964 993 1105 1084 amplius
1133 993 1300 1084 distingui-

248 1119 371 1203 possit‚
398 1112 552 1202 quodque
575 1123 683 1206 totmn
701 1116 742 1177 sit
758 1134 865 1178 unum
887 1123 920 1178 et
946 1119 1039 1178 omni
1056 1114 1208 1204 qualitate
1230 1116 1291 1182 de—

248 1241 417 1330 stitutum,
451 1223 558 1320 quale
572 1243 717 1327 praeter*
730 1231 814 1298 '11ihil
841 1231 987 1320 nefingi
1014 1233 1149 1321 quidem
1179 1243 1292 1324 potest

87 1359 92 1374 ·
179 1339 211 1370 ·-
248 1355 429 1446 quidquam
443 1350 495 1440 ιι),
546 1349 601 1419 Ac
622 1352 763 1435 formes,
785 1373 869 1442 qnae
886 1373 1002 1418 omnes
1022 1375 1139 1422 rerum
1151 1361 1290 1424 virtutes

248 1483 438 1548 contineant
454 1484 487 1538 et
508 1477 670 1562 principia
682 1472 767 1538 adeo
784 1476 851 1538 sint
873 1478 982 1540 omnis
1002 1481 1178 1561 essentiae,
1208 1501 1291 1544 con-

249 1605 360 1687 cipere
382 1594 477 1661 nihili
497 1595 696 1675 simillimas,
729 1593 823 1659 nullo
848 1605 945 1680 pacto
974 1603 1137 1664 convenit.
1188 1598 1290 1664 Intel-

223 1716 305 1818 'ligi
323 1722 424 1806 igitur
453 1714 551 1822 debet
573 1712 766 1804 simplicitas
785 1712 840 1778 illa
866 1724 1025 1804 tanquam
1045 1723 1232 1784 materiae'
1222 1743 1289 1786 un-

219 1760 355 1911 1
247 1849 355 1908 mum
356 1861 390 1903 as
397 1886 406 1918 ,
430 1858 536 1924 quum
558 1834 646 1900 alind
666 1832 883 1916 vocabulum,
908 1856 975 1922 quo
995 1840 1098 1901 animi
1118 1848 1151 1902 et
1173 1857 1289 1906 rerum

219 1920 226 2019 1
248 1961 434 2028 divinarum
452 1960 501 2022 vis
522 1953 663 2022 describi
676 1957 799 2044 possit,
819 1963 952 2043 practer
972 1955 1213 2067 simplicitatem
1232 1981 1290 2024 re·
1298 2000 1302 2005 -

215 2042 223 2146 l
247 2084 394 2170 periatur
413 2075 553 2142 nullum.

348 2197 410 2265 Est
430 2207 542 2282 autem
566 2195 710 2290 simplex
722 2187 804 2262 haec
817 2205 935 2262 natura
950 2207 1019 2264 tota
1032 2219 1104 2262 uno
1116 2209 1216 2285 atque
1234 2201 1290 2264 in-

247 2321 412 2400 dividuo,
439 2322 506 2384 sive
529 2315 571 2382 ad
585 2339 767 2384 numerum
787 2317 912 2384 sivaad
932 2321 1196 2410 ipsamynatur'ec
1211 2342 1289 2386 snae

145 2481 147 2486 ·
246 2448 411 2508 rationem
439 2441 643 2524 respiciatur.
703 2436 848 2519 Quaevis
871 2438 926 2504 vel
952 2443 1046 2504 notio
1074 2438 1128 2505 vel
1157 2445 1290 2526 generis

247 2567 371 2652 species
394 2533 557 2624 infinitam
585 2581 702 2624 rerum
725 2557 951 2622 subiectarum
975 2557 1225 2639 multitudinem
1255 2565 1289 2627 in

207 2713 210 2722 ·
246 2706 353 2750 unum
374 2679 529 2768 colligens
551 2689 602 2745 est
619 2702 703 2759 uua,
732 2700 841 2767 neque
863 2677 946 2744 duae
962 2689 1039 2744 sunt
1061 2679 1208 2749 eiusdem
1229 2703 1289 2768 ge»

245 2809 335 2870 neris
364 2805 533 2882 notiones3
563 2804 665 2887 igitur
690 2799 862 2900 cuiuslibet
881 2801 1025 2867 notionis
1047 2804 1179 2864 nonnisi
1201 2823 1288 2866 unus

245 2935 295 2990 est
322 2944 484 2988 numerus
500 2918 555 3008 ⁵⁸).
612 2919 662 2986 Ut
686 2917 735 2984 ost
759 2917 889 2986 bonum
922 2939 1044 2997 unum,
1077 2941 1143 2984 unu
1166 2924 1287 3002 virtus,
1383 2929 1387 2938 '
1424 2901 1425 2916 ¹

245 3040 435 3134 pulcritudo
460 3065 528 3108 una
549 3039 600 3127 ⁵⁹).
666 3037 760 3120 Quae
793 3039 929 3128 quidem
958 3043 1092 3104 numeri
1117 3045 1223 3108 unitos
1250 3057 1288 3106 ec

245 3165 434 3254 simplicitas
459 3163 565 3230 latius.
582 3165 680 3228 enam
709 3170 810 3251 patet
868 3159 1005 3226 Etenim
1028 3159 1160 3249 quoda
1190 3183 1287 3234 sensu

249 3381 458 3402 m-

310 3505 358 3577 ,67)
376 3506 451 3558 Fecit
461 3463 549 3554 tamen
561 3503 706 3572 Appuleius
723 3499 770 3570 (de
782 3499 873 3568 dogm.
886 3485 951 3554 Pul.
963 3500 984 3556 l.
1003 3517 1028 3569 p.
1043 3515 1099 3570 ¹9⁰·
1116 3498 1157 3554 ed.
1174 3498 1287 3550 Ouden-

244 3606 387 3674 dor-ip)
346 3606 406 3656 lui
389 3618 525 3656 terrerum
538 3615 628 3654 essetr
630 3604 725 3654 ilearb
728 3615 808 3653 tratur
823 3602 910 3653 Plato:
945 3598 1033 3652 Deum
1052 3599 1227 3648 etlrlsteriesn
1243 3581 1304 3647 ros

243 3721 368 3770 rumque
366 3705 492 3766 Formas
512 3720 574 3784 quas
589 3701 662 3762 ἰδέας
675 3701 750 3754 idem
766 3713 855 3768 νομὴ
873 3701 1018 3760 absolutas,
1046 3698 1187 3794 informes,
1207 3695 1287 3751 nulla

242 3805 335 3874 specie
352 3820 404 3854 nec
419 3801 568 3883 qualitatis
584 3800 793 3874 significatione
806 3801 873 3854 disti
872 3771 964 3850 rectas

311 3919 423 3991 58)1Ar
424 3933 483 3977 etot
494 3920 596 3985 neat
612 3919 637 3974 6.
659 3939 686 3988 p·
703 3917 743 3970 ι6.
762 3917 792 3972 τὸ
811 3918 840 3970 cil
860 3917 928 3976 εἶδος
945 3909 1011 3968 siet
1030 3911 1056 3965 tv
1073 3900 1287 3984 ἓκαστονμόνοι·

306 4037 351 4109 69)
373 4039 495 4110 Sympos.
507 4054 567 4092 ιιιι
578 4034 897 4106 A-nrhneb,15..s
911 4033 1029 4100 etGorss.
1045 4033 1143 4088 Pinea.
1155 4035 1222 4102 plut.
1236 4033 1286 4084 los
