2878 4616
594 333 750 352 ...-
1148 295 1196 362 59

154 491 295 558 varietas
309 482 472 574 quaedam
486 488 612 550 unitate
626 481 755 550 formae
771 455 982 566 definiretur,
1008 494 1042 550 et
1062 481 1201 552 aliarum

155 629 274 676 rerum
292 605 372 672 aliae
395 610 496 678 etiam
513 615 624 681 essent
642 605 753 688 ideae,
778 597 946 674 revocavit
964 609 1139 674 materiam
1160 605 1202 677 ad

156 727 247 794 ideas
260 722 315 820 l²).
364 725 410 792 Et
437 723 533 794 facile
556 725 692 816 quidam
715 727 789 795 fieri
809 726 844 794 id
865 731 994 816 potuit,
1018 749 1124 815 quum
1146 748 1204 822 aa·

63 889 72 904 =
159 848 237 916 dem
264 852 349 916 ratio
371 845 524 917 idearum
544 856 579 914 et
600 869 823 914 numerorum
844 869 918 914 asse
939 845 1125 944 videfetun
1167 851 1204 915 ia

157 967 276 1060 quibus
297 967 476 1036 multitudo
499 971 632 1034 unitatis
652 973 837 1036 accessione
859 967 1057 1036 informem
1078 976 1205 1038 certam

156 1089 374 1178 redigeretur.
431 1087 516 1156 Erat
539 1099 652 1154 autam
672 1055 895 1156 numerorum
915 1110 1021 1178 genus
1044 1093 1205 1154 interme·

141 1211 252 1276 ‘dium
273 1215 362 1282 inter
382 1231 436 1278 res
450 1219 576 1278 creatas
599 1221 632 1275 et
652 1208 804 1278 idearum
825 1222 997 1290 naturam,
1028 1207 1120 1298 quod
1134 1209 1205 1276 illas

157 1329 359 1415 definirent,
390 1331 452 1398 has
485 1329 700 1398 similitudine
725 1335 925 1400 aeternitatis
951 1342 985 1398 et
999 1333 1205 1398 constantiae

159 1456 369 1541 attingerent.
427 1450 563 1520 Verum
590 1457 681 1518 euim
704 1473 786 1520 vero
809 1451 914 1518 simile
938 1473 1009 1518 nou
1032 1461 1082 1516 est
1104 1449 1206 1518 idem.

158 1573 280 1662 Neque
297 1594 517 1642 numerorum
540 1571 631 1660 quod
650 1571 746 1640 Plato
769 1577 943 1640 materiam
963 1581 1121 1661 posuerat
1143 1565 1208 1658 τὴν

159 1689 316 1783 ἀόριστον
330 1690 458 1778 δυάδα,
476 1703 657 1783 propterea
671 1694 812 1760 eandem
830 1703 864 1759 et
878 1692 1030 1760 idearum
1044 1692 1208 1760 elementa

159 1817 309 1880 statuisse
321 1816 486 1904 putandus
495 1826 554 1882 est.
577 1786 694 1904 Atque
703 1825 827 1880 eattota
835 1811 966 1881 haeode
977 1812 1208 1904 duoetdyade

121 1987 125 1996 ,
160 1932 337 2023 disputatio
351 1935 404 2004 vel
416 1941 527 2026 potius
543 1938 712 2000 contentio
725 1957 796 2000 non
805 1945 876 2002 tam
888 1932 1089 2016 Aristotelis,
1108 1958 1210 2026 quam

48 2131 50 2136 .
161 2058 385 2143 interpretum
406 2061 678 2136 cinerariorum,
701 2059 759 2144 qui
771 2055 898 2122 scholas
908 2055 1059 2122 Platonis
1075 2055 1116 2122 ab
1125 2053 1211 2123 Ari-

162 2174 277 2262 stotele
306 2177 472 2244 audiendo
495 2187 652 2266 exceptas
680 2187 714 2242 et
740 2181 778 2242 in
804 2175 897 2244 libris
918 2175 960 2246 da
982 2175 1079 2244 Bono
1104 2187 1138 2242 et
1167 2175 1210 2244 de
1279 2198 1285 2206 ·

162 2295 248 2362 Ideis
262 2302 462 2386 perscriptas
478 2301 600 2378 secuti,
623 2308 830 2364 numeraret
850 2286 940 2363 ideas
955 2297 1053 2385 plana
1067 2295 1211 2367 coufun-

163 2415 285 2482 debant
298 2412 352 2511 ⁸³).
411 2417 495 2484 Nou
516 2421 607 2483 enim
624 2417 800 2488 Platonem
819 2422 932 2508 ipsum
951 2417 1011 2487 sed
1034 2429 1212 2486 sectatores

163 2534 402 2622 Academicos,
427 2535 657 2627 cupidissimos
672 2539 746 2604 illos
766 2539 977 2628 Pythagorae
999 2537 1212 2628 Platonisque
1290 2551 1293 2558 ⁴

164 2657 370 2748 disciplinam
395 2657 607 2742 conciliandi,
640 2658 826 2726 audiebant.
885 2649 964 2740 Qui
980 2681 1087 2750 quum
1110 2658 1214 2725 vidis-

163 2789 247 2861 sent,
268 2773 578 2846 intercederehauo
594 2783 683 2845 iuter
698 2801 859 2847 numeros
876 2792 910 2846 et
928 2780 1018 2848 ideas
1036 2784 1222 2861 rationem,

61 2883 71 2900 ⁰
134 2911 138 2920 '
164 2909 221 2978 ut,
251 2921 357 2988 quum
382 2901 431 2968 illi
459 2900 502 2966 ab
530 2899 633 2968 altera
658 2913 755 2991 parte
787 2913 928 2996 propter
960 2900 1211 2968 multitudinem

165 3017 443 3115 comprehensam
466 3033 577 3088 essent
605 3027 764 3089 materiae
788 3024 939 3106 similes,v
965 3028 1090 3090 umecta
1119 3044 1213 3104 vero,

164 3136 257 3230 quae
282 3139 399 3209 eadem
427 3152 477 3207 est
502 3141 671 3234 idearum,
702 3143 746 3209 ad
775 3143 841 3210 hoc
867 3167 973 3234 genus
1001 3141 1214 3214 accederentt
1316 3179 1325 3186 ·

166 3263 326 3329 continuo
345 3283 416 3328 uon
434 3259 486 3330 'ex
505 3269 657 3330 numeris
673 3264 780 3346 ideas,
803 3266 862 3332 sed
884 3288 930 3332 ex
951 3265 1052 3347 ideis,
1085 3275 1124 3332 ut
1144 3259 1217 3351 Py,

113 3433 115 3442 Α
164 3380 324 3471 thagorae
345 3406 444 3450 suum
467 3397 634 3452 constaret
656 3390 724 3467 ias,
750 3392 949 3476 numerique
973 3389 1137 3478 principia
1158 3404 1216 3448 re-
1240 3434 1242 3438 ,

165 3525 251 3595 rum
258 3502 472 3586 haberentur,
497 3504 651 3608 iecerunt
666 3527 836 3577 numeros.
888 3505 990 3590 Quod
1008 3501 1113 3596 quum
1130 3513 1217 3572 esset

168 3691 379 3712 Μ

168 3821 171 3829 ·
235 3785 281 3855 82)
298 3787 363 3843 Met.
374 3785 403 3853 1,
420 3783 447 3839 6.
463 3803 489 3856 7.
513 3785 595 3856 xm,
611 3753 685 3843 isat
702 3789 769 3840 locis
783 3807 799 3841 a
815 3787 955 3842 Braudisio
972 3787 1020 3844 ll.
1037 3787 1100 3856 lad·
1120 3800 1162 3841 ιι.
1176 3801 1220 3852 eq.

169 3885 460 3940 :cruentasset
477 3885 495 3941 l.
514 3886 645 3958 p,47.sq.
662 3889 756 3946 allatis.
813 3903 815 3910 ’
1166 3875 1172 3886 ’

236 4003 285 4076 85)
303 4003 337 4059 V.
353 3989 481 4066 Battara.
498 4006 578 4076 pud.
595 4021 638 4075 ²9·
687 4041 694 4052 .
