2878 4616
612 323 766 389 ····†·
1163 282 1211 350 55

166 478 351 559 contendit,
382 498 452 544 esse
476 474 567 542 hune
597 475 765 563 dialogum
785 498 807 542 a
828 471 965 540 Platone
988 477 1107 539 iuvene
1128 495 1211 538 con·
1262 551 1264 558 Α

166 603 328 688 seriptum
350 596 449 686 paulo
470 608 546 666 ants
564 587 617 664 rel
637 605 874 687 postmortem
891 592 1052 674 Socratis,
1072 592 1211 660 inchoa-

168 732 303 809 tmnque
321 739 392 784 esse
409 693 583 800 relictum,
616 715 651 782 id
672 739 749 782 cum
771 737 833 804 per
854 737 888 780 se
910 706 1001 781 haud
1024 725 1074 780 est
1094 719 1211 782 verisi-
1310 707 1311 714 '

168 840 254 921 niile,
280 850 355 904 tum
367 859 506 918 vereor,
530 817 758 926 ntperspicue
775 836 896 902 docere
910 839 1024 922 possit.
1074 834 1121 902 Et
1135 856 1211 902 oru-

167 964 296 1026 tionem
305 959 441 1048 quidem
455 981 493 1024 ac
508 956 693 1034 dialecticae
714 955 943 1044 disputationis
957 959 1211 1022 inconstantiam

166 1079 456 1167 infirmitatemque
479 1090 512 1144 et
534 1083 570 1144 iu
586 1075 777 1144 notionibus
799 1087 889 1144 recte
912 1075 1107 1144 definiendis
1129 1050 1212 1144 con*

166 1207 315 1288 spicuam
329 1203 533 1289 imperitiam
549 1197 910 1288 qucdcommemorat‚
933 1197 986 1280 id,
1013 1201 1040 1262 si
1055 1197 1104 1279 eo,
1126 1221 1210 1287 quae
1253 1273 1256 1278 ¹

165 1319 219 1386 hie
243 1321 415 1410 leguntur,
451 1343 529 1386 cum
552 1323 669 1384 ceteris
691 1318 827 1408 dialogis
854 1331 1117 1407 componantur,
1150 1325 1209 1388 rix

164 1443 261 1508 alicui
268 1445 478 1530 persuaserit.
507 1440 642 1506 Etenim
650 1434 834 1506 dialecticae
849 1444 1007 1508 orationis
1019 1437 1208 1506 facultatem

164 1547 263 1651 utque
277 1565 551 1630 exercitationem
568 1559 799 1648 perfectiorem
813 1565 849 1626 in
865 1559 934 1626 aliis
949 1531 1097 1627 Platonis
1114 1559 1208 1628 libris

163 1688 223 1752 vix
242 1686 416 1770 repererit.
468 1679 623 1770 Denique
645 1678 735 1769 quod
757 1679 797 1746 de
814 1680 1017 1763 Theaeteto,
1047 1680 1207 1762 Menone,

50 1813 53 1819 '
163 1801 316 1890 Sophiste
339 1801 437 1881 dicit,
465 1805 526 1866 vix
541 1821 610 1866 esse
627 1775 803 1883 credibile,
824 1813 902 1890 post
918 1823 974 1882 ea,
997 1824 1081 1890 quae
1093 1801 1134 1868 de
1146 1825 1209 1866 na·

161 1934 237 1992 tura
252 1925 449 2010 cognitionis
462 1919 508 1990 ibi
523 1932 698 2018 praecepta
712 1931 821 1987 essent
834 1922 1103 2003 luculentissime,
1123 1922 1207 1990 Par-

161 2041 332 2114 menidem
346 2046 537 2130 aenigmatis
551 2042 691 2132 plenum
701 2043 865 2110 conscribi
880 2049 1038 2133 potuisse,
1058 2043 1094 2111 id
1105 2044 1207 2134 pardo

137 2163 332 2250 longius'a
357 2167 494 2230 veritate
518 2161 618 2230 abest.
653 2223 655 2226 .
677 2160 773 2230 Nihil
796 2169 887 2232 enim
907 2163 964 2232 hic
983 2157 1125 2231 celatum
1146 2176 1207 2246 est,

61 2307 64 2314 ’
161 2283 245 2350 nihil
258 2281 398 2380 obscure
411 2282 642 2370 significatum,
669 2261 727 2350 sed
740 2289 888 2374 positum
902 2295 1060 2374 tanquam
1074 2283 1210 2352 stando

155 2415 291 2470 ,cenum
304 2425 343 2470 ac
358 2400 582 2470 manifestum.
631 2403 739 2470 Modo
752 2409 843 2472 enim
856 2415 1008 2472 accurate
1027 2409 1206 2472 notionum

160 2529 409 2616 propositarum
416 2524 500 2592 ordo
511 2546 550 2590 ac
556 2528 758 2590 continuatio
765 2538 926 2610 serretur,
941 2537 1108 2608 etrerum,
1121 2545 1206 2614 quae

160 2635 476 2727 commemorantur,
492 2635 614 2734 genera
624 2643 798 2732 diligenter
812 2633 1065 2735 distinguantur,
1079 2651 1207 2736 optime

161 2765 492 2854 ommoconsuntw).
512 2765 548 2832 N
550 2788 632 2856 eque
640 2776 784 2856 praestat
791 2767 971 2858 quidquam
979 2767 1121 2834 aliorum
1131 2771 1206 2858 opi-

159 2892 227 2969 nio,
235 2887 410 2953 Platonem
417 2888 479 2954 hac
491 2892 562 2977 ipsa
579 2893 728 2956 oratione
744 2869 993 2958 difficultateset
1007 2887 1217 2976 ambiguus:
1234 2901 1236 2910 ’

159 3019 209 3074 tes
217 3007 258 3074 de
268 3007 426 3074 eademne
433 3019 576 3089 nectere,
593 3019 626 3074 et
639 3007 766 3076 diverso
778 3033 818 3076 ac
830 3015 1047 3100 repugnantia
1063 3007 1204 3076 dicendo
1260 3073 1263 3082 ,

160 3138 217 3192 aut
226 3149 385 3194 exercere
392 3133 513 3194 mentis
522 3151 673 3214 acumen,
692 3141 750 3195 aut
756 3131 862 3198 celare
875 3132 958 3198 adeo
968 3131 1047 3197 alios
1055 3142 1202 3198 mentem

159 3247 414 3316 suamvoluisse.
464 3247 565 3350 Quod
579 3273 680 3340 quem
694 3249 1015 3318 uonmcdcfulsum
1031 3251 1203 3318 sedetiam
1281 3285 1282 3290 κ
1321 3267 1324 3276 ’

157 3375 313 3458 ineptum
325 3373 376 3450 sit,
402 3372 590 3460 quicunque
604 3367 794 3440 Platonicae
810 3373 1005 3462 prudentiae
1021 3347 1094 3438 ‘non
1105 3369 1201 3458 plane

158 3489 250 3556 rudis
274 3485 393 3568 fuerit,
419 3500 536 3577 sponte
559 3491 729 3580 intelliget.
777 3489 847 3557 Iam
866 3513 947 3560 vero
968 3491 1059 3582 quod
1080 3490 1122 3556 ud
1146 3514 1202 3558 ar·
1225 3569 1229 3574 .

158 3614 263 3697 gutiae
285 3619 319 3674 et
337 3612 507 3676 ratiocinia
523 3610 701 3699 sophistica
723 3587 854 3694 atlinet,
877 3636 969 3702 ¹quae
992 3613 1054 3678 sibi
1080 3613 1202 3702 depre-

158 3728 311 3795 hendisse
337 3727 442 3804 multa
473 3729 571 3796 multi
596 3735 633 3798 in
660 3733 860 3800 Parmentde
881 3734 1058 3818 ridentur,
1096 3733 1131 3798 id
1154 3737 1205 3798 sic,

99 3919 102 3930 1
156 3903 367 3923 m

226 3987 273 4058 79)
291 3987 310 4042 ¹·
327 3987 347 4038 ¹·
362 4009 388 4060 p.
399 3947 458 4048 soil
479 3991 537 4046 105.
552 3993 616 4052 405.
