2878 4616
122 274 270 374 jao
666 313 821 330 ...-

223 474 273 528 est
300 473 547 552 comparatum,
579 477 618 530 nt
646 488 689 532 ne
716 464 824 531 audiri
851 464 986 552 quidem
1011 466 1138 532 debeat.
1197 461 1268 530 Suo

223 587 314 652 enim
335 607 484 673 quaeque
500 585 591 666 loco,
614 609 672 652 sua
690 577 817 652 ratione
832 587 1037 652 consideratu
1052 589 1271 674 reperiuntur·

223 725 294 770 esse
320 709 502 772 serissima.
551 705 589 772 Id
603 708 693 796 quod
710 729 815 796 quum
830 711 866 772 in
881 711 954 796 ipso
975 706 1040 772 hoo
1061 706 1191 794 dialogo
1207 727 1270 793 pa·

222 835 306 906 teat,
344 835 417 890 tum
444 837 554 915 potest
577 831 677 892 etiam
697 833 945 914 comparatione
972 849 1090 893 eorum
1113 821 1269 928 perspici,

22 952 26 960 ’
170 927 189 938 r
223 968 308 1037 quae
326 968 446 1033 supra,
468 949 512 1012 ne
531 958 683 1036 respecto
709 946 844 1034 quidam
865 945 964 1012 huius
982 946 1102 1034 dialogi
1118 951 1286 1020 testimon

222 1073 300 1148 nio,
323 1067 508 1132 docuimus.
562 1065 674 1154 Itaque
699 1067 783 1132 nihil
797 1079 968 1154 praeterea
989 1073 1057 1132 iam
1078 1078 1177 1156 opto,
1206 1069 1271 1130 nisi

224 1199 263 1254 ut
285 1190 437 1252 virorum
453 1185 630 1254 doctorum
646 1187 823 1276 elegantiae
846 1198 879 1254 et
898 1187 1068 1254 subtilitati
1088 1185 1172 1255 haec
1195 1209 1271 1253 meu

224 1305 423 1397 probantur.

329 1426 488 1494 Ceterum
513 1450 579 1518 quo
602 1427 723 1494 diutius
742 1427 844 1493 anirni
862 1415 966 1496 aciem
988 1431 1025 1494 in
1043 1423 1274 1519 perspicienda

136 1585 140 1592 ·
228 1547 436 1625 Parmenidis
460 1553 588 1615 ratione
618 1560 652 1615 et
673 1548 885 1636 intelligentia
912 1548 1057 1614 defixam
1080 1549 1201 1630 teneo,
1230 1571 1272 1614 eo

152 1756 154 1760 Ι
186 1737 188 1742 χ
229 1669 378 1736 adducor
399 1674 523 1758 magis,
543 1680 583 1735 nt
603 1667 693 1738 hunc
714 1660 881 1758 dialogum
903 1692 967 1758 pro
989 1667 1193 1756 Philosopho
1214 1669 1273 1734 illo

201 1835 205 1862 2
228 1781 376 1877 (Politia.
391 1789 476 1856 257.
489 1785 568 1881 A.),
595 1794 687 1855 ouius
701 1795 863 1856 sermonis
877 1793 1005 1877 saepius
1019 1794 1163 1858 inficitur
1176 1791 1276 1855 men-

120 1897 137 1979 ]
229 1915 297 1994 tio,
326 1909 444 1978 haberi
467 1932 564 1998 posse
587 1910 731 1978 credam.
783 1910 984 1998 Quanquam
1004 1910 1040 1975 id
1060 1915 1098 1976 in
1114 1921 1207 1976 tanta
1224 1914 1283 2010 rei·

232 2029 422 2098 diffiordtato
444 2034 512 2096 vix·
528 2041 619 2096 oerto
645 2029 846 2098 contendere
872 2035 996 2112 ausim,
1024 2042 1192 2122 terretque
1219 2053 1275 2098 ma

231 2149 528 2217 Schleiermacheri
546 2155 748 2233 exsecratio,
770 2173 835 2241 qua
846 2162 1042 2239 prosecutus
1057 2164 1106 2218 est
1120 2151 1199 2232 eos,
1220 2156 1281 2240 qul

231 2271 309 2338 talia
334 2271 388 2338 vel
411 2275 542 2360 opinari
570 2269 741 2338 auderent.
802 2254 1037 2341 Veruntamen
1062 2271 1277 2361 perpetienda
1360 2357 1364 2368 ¹

221 2403 320 2468 ,esset
342 2396 414 2481 ipsa
436 2390 519 2457 haec
540 2397 739 2481 proscriptio
762 2411 868 2482 aequo
890 2397 1020 2474 animo,
1053 2397 1080 2457 si
1100 2397 1220 2459 veritas
1242 2396 1278 2458 in
1316 2451 1318 2454 .

234 2513 322 2580 hanc
344 2513 489 2602 aliquem
510 2517 707 2578 sententiam
725 2513 925 2601 impulisset,
936 2483 1054 2602 ¹quum
1068 2512 1122 2588 hic
1144 2518 1186 2577 sit
1204 2533 1277 2576 mos

227 2639 322 2700 inter
336 2637 425 2701 viros
440 2631 569 2718 doctos,
596 2643 634 2698 ut
645 2654 711 2723 pro
726 2638 854 2698 ratione
872 2638 1100 2698 auctoritatem
1116 2653 1210 2697 suam
1225 2637 1279 2695 in-

234 2765 431 2842 terponant,
455 2741 654 2843 iubeantque
676 2775 711 2819 se
729 2775 853 2844 suaque
874 2729 985 2846 sequi,
1007 2734 1113 2822 donee
1131 2757 1280 2842 opposita

234 2878 536 2968 rationconstiterit.
739 2859 743 2864 ¹

546 3233 953 3352 'CAPUT1V.
1002 3228 1004 3233 ’

165 3489 169 3498 ,
239 3421 313 3491 nr
340 3390 597 3490 rosarum
619 3416 977 3491 nJVzraerArs
1006 3416 1070 3488 ar
1090 3413 1283 3500 nurus

374 3541 707 3636 summram
725 3537 1154 3630 murmuramus.

697 3690 728 3789 t.
782 3657 870 3762 24st
991 3667 992 3672 '

340 3833 495 3902 Idearum
518 3835 656 3922 propria
673 3839 724 3895 est
738 3832 856 3896 unitas.
888 3823 1036 3926 *fierine
1050 3829 1151 3931 igitar
1167 3833 1284 3913 potest,

239 3968 278 4024 ut
300 3979 366 4024 una
390 3976 507 4022 omnes
527 3974 630 4044 eaque
645 3961 775 4020 summa
790 3952 927 4016 notione
950 3945 1282 4036 comprehendantur,
